2424 3908
376 193 558 254 OHOROGR.
577 195 604 250 11
623 202 638 252 a
658 198 821 268 (roo-110)
1063 201 1104 264 51

89 362 295 442 spatiumque
316 359 559 443 augescentium
578 358 613 423 in
631 358 739 423 vicina
756 359 839 425 vada
857 364 1034 443 promovet.
1071 362 1106 427 in
1119 381 1169 431 101

86 447 202 511 Africa
217 450 331 511 contra
345 446 502 511 maiorem
517 445 640 530 Syrtim
653 446 831 532 Euteletos,
846 452 959 513 contra
972 450 1107 515 minoris

86 532 1107 708 ttttttlllttt‘tltttttttttttttttt

62 713 200 797 uplures
226 710 378 796 Europae
405 710 557 776 litoribus
589 711 755 796 adpositae
787 717 875 778 sunt:
908 714 943 778 in
973 712 1106 800 Aegaeo
1119 734 1170 784 loa

88 801 173 865 mari
204 821 305 883 prope
333 798 505 864 Thraciam
536 800 678 885 Thasos,
709 800 852 887 Imbros,
884 799 1107 889 Samothrace,

88 887 252 971 Scaudile,
280 886 479 974 Polyaegos,
506 886 671 973 Sciathos,
697 888 912 973 Halonessos,
945 894 979 956 et
1008 913 1107 975 quam

88 976 263 1061 aliquando
296 976 447 1041 omnibus
480 977 536 1061 qui
571 998 680 1042 mares
713 982 807 1042 erant
838 978 940 1043 caesis
977 981 1106 1044 tantum

88 1064 230 1131 feminae
262 1065 407 1129 tenuisse
440 1065 592 1130 dicuntur
623 1064 712 1131 Atho
744 1067 849 1131 monti
882 1065 1021 1132 Lemnos
1053 1068 1107 1132 ad·

51 1173 77 1215 ro
90 1175 192 1218 versa
237 1151 422 1239 Pagasaeus
445 1152 536 1218 sinus
560 1151 684 1238 Scyron
706 1154 878 1239 prospicit,
903 1154 1106 1238 Cicynethon

89 1240 307 1326 amplectitur.
347 1240 484 1307 Euboea
502 1242 542 1306 ad
566 1242 734 1307 meridiem
756 1243 1020 1327 promunturium
1045 1241 1168 1313 (ie-10⁷

87 1334 220 1396 raeston
249 1334 282 1395 et
305 1327 485 1413 Capherea,
514 1330 555 1394 ad
583 1332 837 1414 septentrionem
862 1329 1024 1397 Cenaeum
1053 1355 1106 1397 ex·

88 1419 206 1504 trudit,
234 1422 266 1482 et
287 1439 448 1502 nusquam
471 1418 540 1483 lata
562 1419 662 1484 duum
684 1419 812 1484 milium
840 1420 983 1504 spatium
1007 1420 1107 1486 habet

86 1508 145 1573 ubi
168 1507 335 1572 artissima
358 1510 416 1591 est,
439 1511 581 1572 ceterum
603 1508 703 1594 longa
723 1508 849 1592 totique
871 1506 1028 1574 Boeotiae
1053 1509 1106 1573 ad·

54 1615 79 1656 rs
92 1596 201 1681 posita
225 1599 364 1680 angusto
387 1595 472 1659 freto
495 1595 597 1661 distat
620 1618 640 1660 a
661 1596 765 1661 litore.
809 1595 959 1681 Euripon
977 1601 1168 1683 uocant,108

88 1684 240 1770 rapidum
254 1705 353 1767 mare,
372 1687 405 1748 et
419 1683 545 1749 alterno
565 1705 660 1749 cursu
680 1686 822 1768 septiens
837 1685 890 1749 (lie
908 1706 947 1750 ae
961 1685 1104 1769 septiens

87 1776 185 1839 nocte
208 1773 361 1837 fluctibus
389 1773 424 1836 in
452 1772 555 1837 vicem
577 1773 680 1837 versis
704 1773 784 1837 adeo
807 1773 968 1838 inmodice
992 1773 1106 1858 fluens,

88 1866 127 1926 ut
157 1865 272 1926 uentos
304 1861 403 1925 etiam
432 1881 470 1924 ac
496 1859 595 1944 plena
626 1860 732 1926 ventis
760 1860 893 1943 navigia
921 1860 1104 1927 frustretur.

88 1950 215 2035 aliquot
244 1950 280 2014 in
313 1971 351 2014 ea
382 1952 458 2013 sunt
493 1947 614 2033 oppida
645 1946 757 2032 Styra,
791 1946 934 2032 Eretria,
970 1948 1105 2033 Pyrrha,

51 2037 212 2122 roNesoS,
242 2036 412 2116 Oechalia,
443 2057 555 2101 verum
587 2037 853 2121 opulentissimae
885 2035 1040 2120 Carystos
1071 2041 1105 2102 et

88 2125 231 2191 Chalcis.
276 2127 310 2191 in
333 2124 471 2191 Atthide
493 2124 617 2190 Helene
641 2129 691 2190 est
712 2129 792 2191 nota
814 2129 926 2209 stupro
949 2125 1105 2211 Helenae,
1115 2144 1165 2193 109

87 2220 121 2280 et
141 2213 280 2280 Salamis
305 2213 429 2279 excidio
453 2214 566 2279 classis
589 2215 734 2298 persicae
752 2214 871 2280 notior.
909 2215 994 2279 circa
1012 2214 1105 2280 Pelo-

85 2324 256 2389 ponneson
279 2303 380 2367 etiam
401 2302 542 2367 nuncin
566 2301 696 2388 Aegaeo
719 2302 896 2387 Pityoussa
920 2307 954 2368 et
976 2302 1104 2388 Aegina

85 2392 285 2476 Epidaurius
318 2391 407 2456 litori
437 2390 598 2475 proxima,
630 2390 807 2455 Troezenio
835 2389 988 2455 Calauria
1018 2392 1104 2456 inter

51 2499 76 2541 1
88 2480 250 2567 ignobiles
278 2480 360 2544 alias
392 2479 458 2544 leto
486 2478 716 2544 Demosthenis
745 2478 879 2560 nobilis3
910 2479 946 2542 in
973 2477 1165 2563 Myrtoo110

85 2567 229 2653 Cythera
251 2570 365 2633 contra
382 2566 522 2650 Malean,
545 2565 693 2632 Oenussa
716 2572 749 2631 et
768 2566 966 2650 Theganusa
988 2571 1103 2632 contra

84 2656 252 2741 Acritam3
271 2657 305 2720 in
325 2656 418 2722 Ionio
437 2654 546 2739 Prote,
563 2654 704 2736 Asteria,
723 2652 942 2739 Cephallania,
958 2653 1104 2741 Neritos,

85 2744 196 2829 Same,
224 2744 425 2829 Zacynthos,
456 2742 645 2808 Dulichium
674 2747 707 2809 et
733 2744 819 2809 iuter
844 2764 911 2808 non
940 2743 1103 2829 ignobiles

157 2909 183 2958 3.
206 2900 297 2956 menis
319 2901 347 2954 A
369 2899 523 2956 Meninxo
594 2906 620 2955 4.
644 2899 770 2969 Chyarae
792 2899 833 2952 A¹
857 2915 927 2955 corr.
1000 2904 1029 2954 5.
1054 2899 1103 2953 ad-

84 2971 197 3044 positae
216 2972 258 3026 A²
277 2971 425 3042 appositae
443 2970 490 3052 A2·
538 2987 571 3025 ae
593 2987 626 3024 ec
641 2970 669 3023 A
723 2976 748 3025 ⁷.
768 2969 901 3037 scandyle
915 2968 943 3022 A
997 2968 1101 3024 aciatos

84 3045 112 3099 A
168 3050 210 3100 10.
231 3042 395 3114 sicynysson
412 3042 441 3096 A
460 2989 635 3111 Creynethon
657 3041 771 3096 Vinctus
826 3047 867 3095 11.
889 3047 930 3095 12.
949 3041 1102 3110 ger-esthon

84 3115 112 3168 A
168 3121 211 3170 11.
231 3113 389 3184 capherean
406 3114 435 3166 A
489 3128 625 3167 cauueum
643 3110 671 3164 A
689 3111 828 3167 Cenaeum
848 3111 998 3167 Hestiaeus
1059 3119 1100 3169 13.

83 3185 475 3311 iruulta-mv
797 3183 839 3308 a
1007 3182 1091 3306 ²⁰24

121 3300 128 3313 .
215 3272 232 3310 a
315 3271 430 3310 reae
539 3269 684 3308 .canaoe
833 3269 947 3308 .aeeo
1093 3291 1099 3304 .

85 3327 199 3382 calaura
216 3327 244 3381 A
308 3331 350 3381 26.
369 3324 471 3394 myrtio
490 3324 518 3378 A
534 3323 647 3391 Myrtoo
665 3342 681 3379 u
749 3330 791 3378 26.
810 3271 964 3392 tegealysa
981 3321 1009 3375 A
1028 3321 1100 3375 The-

140 3414 193 3453 usa
215 3397 361 3453 Barbarae
437 3403 480 3452 27.
503 3394 595 3450 rionio
622 3395 651 3448 A
673 3395 703 3448 in
726 3393 843 3448 Ionioo
910 3390 1049 3462 prosteria
1072 3393 1099 3445 A

122 3470 177 3536 ote,
197 3467 310 3523 Asteria
329 3467 441 3523 Vinctus
512 3467 627 3534 nerytos
641 3465 668 3520 A
829 3529 836 3545 ·
932 3551 947 3584 ,Β

917 3560 936 3606 A
