2438 3908
426 187 608 244 efloacaa.
626 188 668 243 111
684 191 795 258 (1-11)
1071 189 1113 253 57

101 373 121 414 a
152 349 236 415 mari
266 347 423 434 grandem
459 349 566 415 lacum
597 349 676 416 fecit
707 351 801 435 quasi
837 373 876 416 ex
907 372 992 416 novo
1023 351 1115 416 fonte

99 438 248 524 geminus
277 438 432 522 exoritur,
464 442 666 523 quantusque
693 439 832 524 simplici
859 439 952 504 alveo
982 443 1117 504 venerat

98 531 213 592 tantus
232 527 371 611 singulis
391 527 504 593 effluit.
536 530 606 592 tum
626 528 716 593 sinus
735 529 819 594 alter
837 548 940 611 usque
960 527 1115 592 adfinem

97 615 285 700 provinciae
312 616 503 700 inflectitur,
530 637 667 701 eumque
694 639 796 700 parva
823 616 944 700 oppida
970 613 1116 700 Olintigi,

70 703 273 787 ⁵0nolappa
296 705 500 789 contingunt.
546 709 581 770 at
603 704 772 770 Lusitania
794 709 885 770 trans
908 703 1030 789 Anam,
1053 726 1116 788 qna
1134 724 1156 779 6,

99 813 192 858 mare
214 792 420 858 Atlanticum
448 796 587 877 spectat,
614 794 755 877 primum
783 793 908 878 ingenti
934 793 1059 876 impetu
1081 793 1117 857 in

99 881 206 946 altum
234 880 317 964 abit,
349 881 423 945 dein
455 880 581 946 resist't
613 903 651 946 ac
683 903 718 946 se
750 882 856 966 magis
889 881 988 946 etiam
1019 902 1116 965 quam

98 968 235 1034 Baetica
264 967 404 1034 abducit
450 991 515 1053 qua
541 970 706 1052 prominet
728 970 778 1034 bis
801 971 835 1033 in
859 972 963 1034 semet
985 971 1150 1053 receptor

99 1059 184 1123 mari
203 1056 237 1122 in
255 1057 321 1121 tria
337 1057 564 1140 promunturia
583 1056 793 1143 dispergitur:
812 1057 904 1122 Anae
923 1056 1116 1141 prozimum,

57 1146 179 1229 aquia
206 1145 276 1211 lata
303 1145 378 1210 sede
400 1166 594 1229 procurrens
622 1145 781 1229 paulatim
805 1168 840 1212 se
863 1168 901 1212 ac
928 1168 987 1211 sua
1012 1147 1116 1212 latera

98 1234 249 1319 fastigat,
272 1231 401 1299 Cuneus
425 1253 505 1317 ager
527 1233 656 1318 dicitur,
678 1255 817 1318 sequens
837 1232 968 1300 Sacrum
991 1238 1116 1319 vocant,

99 1321 257 1407 Magnum
285 1322 371 1406 quod
398 1321 534 1388 ulterius
567 1325 626 1388 est.
676 1323 710 1387 in
739 1320 848 1388 Cuneo
877 1328 953 1389 sunt
979 1323 1117 1408 Myrtili,

99 1409 220 1494 Balsa,
257 1409 445 1488 Ossonoba,
486 1410 521 1475 in
558 1408 656 1477 Sacro
693 1411 894 1495 Laccobriga
930 1416 963 1476 et
998 1412 1116 1477 Portus

99 1498 307 1582 Hannibalis,
329 1499 365 1562 in
387 1498 508 1582 Magno
532 1497 653 1565 Ebora.
699 1501 789 1566 sinus
812 1501 986 1565 intersunt:
1011 1504 1043 1564 et
1066 1504 1116 1564 est
1135 1520 1152 1567 8

57 1588 134 1651 rain
152 1588 301 1671 proximo
321 1585 458 1669 Salacia,
481 1587 516 1664 in
534 1588 638 1654 altero
657 1587 810 1673 Ulisippo
832 1593 865 1653 et
881 1588 964 1672 Tagi
986 1588 1117 1667 ostium,

99 1677 205 1742 amnis
229 1697 375 1761 gemmas
395 1697 573 1761 aurumque
591 1678 789 1761 generantis.
834 1677 875 1742 ab
894 1677 946 1741 his
964 1697 1116 1760 promun-

98 1764 194 1829 turiis
225 1765 261 1829 in
291 1765 381 1828 illam
418 1768 545 1848 partem
578 1786 661 1848 qnae
697 1765 833 1830 recessit
864 1766 978 1848 ingens
1014 1764 1115 1830 flexus

97 1853 258 1936 aperitur,
286 1853 320 1916 in
344 1874 445 1936 eoque
474 1857 550 1917 sunt
572 1851 708 1917 Turduli
736 1856 861 1918 veteres
885 1852 1115 1917 Turdulorum·

98 1963 162 2025 que
182 1940 312 2025 oppida,
330 1961 441 2005 amnes
460 1945 569 2007 autem
583 1939 706 2006 Munda
723 1941 758 2005 in
773 1941 913 2005 medium
928 1940 995 2004 fere
1009 1941 1117 2004 ultimi

54 2047 85 2087 20
98 2029 316 2113 promunturii
338 2029 424 2094 latus
444 2029 588 2112 effluens,
611 2033 644 2094 11
665 2029 790 2094 radices
815 2028 958 2094 eiusdem
981 2029 1115 2093 adluens

98 2116 232 2183 Durius.
281 2117 371 2181 frons
401 2116 460 2181 illa
489 2117 688 2202 aliquamdiu
716 2121 839 2183 rectam
870 2116 976 2200 ripam
1008 2118 1152 2201 habeta

99 2206 175 2270 dein
197 2205 325 2271 modico
343 2204 429 2270 flexu
452 2210 586 2290 accepto
602 2227 680 2271 mox
702 2206 872 2290 paululum
895 2205 1024 2290 eminet,
1047 2211 1117 2271 tum

99 2293 234 2359 reducta
265 2294 383 2359 iterum
415 2293 599 2378 iterumque
630 2301 718 2359 recto
753 2295 900 2379 margine
932 2295 1039 2359 iacens
1076 2294 1118 2359 ad

58 2488 85 2528 1
98 2385 361 2535 1111111111
380 2383 505 2554 All,
530 2380 1117 2553 1111111111111111111
1137 2489 1169 2537 10

98 2558 267 2643 fluuntque
290 2579 348 2641 per
370 2579 425 2623 eos
449 2556 531 2642 Avo,
554 2554 707 2641 Celadus,
730 2556 842 2642 Nebis,
864 2557 985 2622 Minius
1009 2561 1042 2622 11
1066 2559 1116 2623 cui

99 2646 275 2713 oblivionis
304 2665 483 2730 cognomen
510 2650 561 2712 111
587 2646 702 2711 Limia.
746 2645 846 2711 flexus
874 2646 944 2730 ipse
971 2644 1116 2711 Lambri-

99 2755 192 2800 acam
211 2735 326 2801 urbem
345 2735 512 2818 amplexus
530 2734 648 2818 recipit
666 2734 782 2799 fluvios
800 2733 926 2800 Laeron
944 2739 977 2799 et
995 2734 1116 2800 Ullam.

98 2827 227 2907 partem
251 2844 333 2906 quae
356 2824 521 2906 prominet
543 2821 788 2889 Praesamarchi
810 2823 972 2907 habitant,
994 2844 1115 2908 parque
1136 2842 1167 2889 11

171 3037 196 3089 6.
220 3034 251 3085 at
272 3032 315 3085 A¹
341 3049 411 3088 corr.
494 3038 535 3088 12.
560 3047 648 3086 cuneo
671 3031 699 3087 A
721 3031 840 3098 (11111111
868 3048 902 3085 cu
929 3032 994 3087 odd.
1017 3030 1058 3087 A¹
1084 3033 1117 3086 11

97 3104 189 3226 fumo
207 3106 306 3170 cocao)
380 3111 422 3161 13.
445 3102 523 3158 balio
541 3104 570 3157 A
592 3102 678 3157 Balsa
700 3103 847 3158 Barbarus
901 3101 1065 3173 lattobrigal
1088 3101 1117 3155 A

123 3173 274 3243 accobriga
296 3174 395 3254 sercpsi
467 3180 509 3229 11.
532 3173 692 3244 proximum·
713 3173 743 3226 A
816 3179 858 3230 18.
876 3171 982 3227 turauli
1004 3173 1032 3228 A
1050 3172 1141 3226 Tur·

99 3243 160 3298 duli
183 3261 204 3299 cc
281 3251 322 3299 19.
347 3261 378 3298 11
400 3244 524 3300 medium
547 3244 605 3300 fere
632 3243 738 3298 munda
760 3244 789 3299 A
811 3243 916 3298 Munda
938 3243 969 3297 in
995 3243 1118 3297 medium

99 3313 193 3370 ferec
266 3321 308 3371 20.
328 3314 447 3369 adluens
465 3316 507 3370 A¹
526 3315 634 3370 alluens
652 3313 693 3369 A²
766 3321 809 3371 21.
829 3312 1010 3397 aliquansldiu
1028 3313 1056 3366 A

100 3391 143 3440 25.
162 3385 254 3439 tutam
272 3386 314 3441 A¹
331 3386 423 3440 totam
436 3384 477 3438 Α*
548 3392 648 3442 1118.
664 3385 847 3440 lambriacam
861 3385 888 3438 A
905 3385 1024 3450 (luterus
1038 3399 1118 3437 acam

100 3456 165 3510 odd.
185 3454 226 3508 A¹
249 3458 281 3510 ia
303 3458 393 3525 spatio
416 3462 514 3526 uacuo)
586 3462 628 3512 28.
648 3455 739 3509 laeros
758 3455 786 3508 A
805 3454 913 3509 Laeron
936 3454 1048 3510 Vossius
