2424 3908
362 212 544 271 ouoaoaa.
563 217 576 270 1
595 223 619 272 a.
640 223 664 273 a.
685 224 700 273 a
721 220 847 288 (as-ra)
1093 218 1114 283 9
1147 197 1150 202 ’

91 375 172 442 dein
194 376 262 442 tria
282 353 511 460 promunturia
533 376 726 465 Candidum,
749 380 928 465 Apollinis,
950 381 1113 468 Mercurii,
1131 395 1166 443 34

91 467 190 531 rasta
212 465 360 549 proiecta
382 467 416 531 in
440 468 553 551 altum,
576 467 657 534 duos
681 469 820 553 grandes
845 469 933 535 sinus
958 470 1113 538 efficiunt.

91 551 342 637 Hipponensem
364 559 483 621 uocant
504 555 688 641 proximum
716 558 758 622 ab
780 557 931 642 Hippone
954 557 1113 643 Diarryto

93 642 183 726 quod
207 641 304 708 litore
326 644 396 708 eius
416 644 602 728 adpositum
621 649 680 710 cst
724 646 759 711 in
778 647 881 713 altaro
902 651 979 713 sunt
998 646 1114 714 Castra

62 729 220 816 sDcllia,
253 728 371 797 Castra
403 729 569 816 Cornelia,
600 733 721 798 flumen
752 733 918 820 Bagrada3
950 735 1050 802 Utica
1082 741 1115 802 et

95 816 266 904 Carthago
294 820 408 886 ambae
437 820 580 887 inclutas
608 822 724 888 ambae
752 845 772 887 a
794 823 1012 890 Phoenicibus
1040 847 1113 890 con·

94 907 196 992 ditas,
219 908 277 974 illa
299 909 369 975 fato
388 906 523 976 Catonis
542 910 689 996 insignis,
710 910 791 977 hacc
810 933 878 994 suo,
899 934 986 978 nunc
999 914 1114 997 populi

93 995 238 1062 Romani
266 998 408 1082 colonia,
437 998 516 1063 olim
545 998 675 1082 imperii
703 999 772 1063 eius
798 1001 949 1083 pertinax
977 1002 1114 1086 aemula,

92 1085 163 1151 iam
188 1086 318 1169 quidam
340 1086 457 1151 iterum
487 1087 656 1171 opulenta,
684 1087 781 1153 etiam
808 1110 895 1153 nunc
917 1090 1028 1154 tamen
1050 1091 1113 1174 pri-

50 1192 80 1233 ιο
95 1194 190 1239 orum
219 1173 342 1240 excidio
372 1196 480 1240 rerum
509 1195 607 1259 quam
641 1196 702 1259 ope
733 1177 955 1260 praesentium
987 1179 1114 1244 clarior.

94 1261 348 1347 Hadrumetum,
380 1262 508 1347 Leptis,
540 1261 677 1348 Clupea,
709 1262 945 1350 Habromacte,
977 1266 1114 1352 Phyrrc,

93 1348 253 1436 Neapolis
279 1352 355 1425 hinc
383 1352 423 1415 ad
447 1350 569 1437 Syrtim
598 1352 748 1418 adiacent
775 1357 812 1419 ut
838 1354 924 1420 inter
952 1355 1114 1439 ignobilia

94 1439 334 1505 celeberrimae.
389 1438 496 1524 Syrtis
534 1441 624 1506 sinus
664 1445 715 1506 est
751 1447 880 1507 centum
917 1442 984 1508 fere
1021 1444 1165 1509 miliaro

91 1549 251 1612 passuum
270 1551 335 1613 qua
353 1550 442 1593 mars
462 1529 582 1614 accipit
598 1532 725 1614 patens,
746 1533 893 1597 trecenta
912 1553 975 1616 qua
995 1532 1112 1618 cingit,

51 1633 78 1677 1s
92 1637 209 1682 verum
240 1619 451 1702 inportuosus
480 1622 577 1702 atque
606 1621 700 1683 atrox
729 1623 762 1684 et
789 1620 832 1685 ob
865 1620 1023 1685 vadorum
1049 1619 1111 1685 fre

93 1705 264 1789 quentium
287 1706 413 1788 bravia,
440 1706 611 1792 magisque
640 1706 739 1772 ctiam
763 1707 805 1772 ob
834 1709 977 1775 alternos
1003 1713 1111 1775 motus

91 1794 204 1880 pelagi
236 1794 399 1860 affluentis
431 1817 470 1860 ac
501 1794 667 1860 refluentis
699 1796 847 1861 infestus.
899 1818 996 1880 super
1026 1797 1114 1862 hunc
1131 1807 1165 1856 36

92 1883 210 1967 ingens
242 1885 337 1966 palus
370 1904 499 1948 amnem
527 1882 663 1948 Tritona
695 1883 825 1968 recipit,
857 1884 930 1967 ipsa
957 1883 1112 1969 Tritonis,

93 1971 179 2035 unde
207 1974 240 2036 et
262 1971 429 2038 Minervae
457 1992 639 2057 cognomen
665 1971 805 2037 inditum
832 1976 897 2056 est,
924 1977 962 2037 ut
986 1973 1113 2039 incolae

50 2077 79 2118 ao
94 2059 307 2145 arbitrantur,
329 2060 376 2125 ibi
395 2061 539 2144 genitae3
562 2059 749 2145 faciuntque
768 2061 798 2125 ei
818 2061 949 2127 fabulas
968 2063 1112 2146 aliquam

93 2147 205 2233 fidem,
229 2150 314 2234 quod
338 2169 434 2233 quem
456 2149 601 2214 natalem
625 2149 694 2214 eius
717 2153 835 2234 putant
857 2149 990 2216 ludicris
1013 2152 1111 2238 virgi·

93 2257 174 2302 num
201 2237 287 2303 inter
310 2259 344 2302 se
373 2236 608 2302 decertantium
637 2238 811 2304 celebrant.
856 2240 943 2305 ultra
971 2243 1021 2304 est
1045 2239 1112 2306 Osa
1131 2248 1164 2297 3⁷

94 2325 252 2410 oppidum
273 2329 306 2392 et
320 2324 442 2411 Cinyps
460 2326 577 2392 fluvius
596 2347 655 2410 por
672 2327 837 2393 uberrima
856 2350 935 2393 arva
954 2328 1113 2414 decidens,

93 2415 164 2479 tum
183 2413 296 2499 Leptis
320 2415 424 2480 altera
446 2418 480 2480 et
498 2413 604 2499 Syrtis
627 2416 758 2480 nomine
782 2422 880 2500 atque
898 2416 1029 2501 ingenio
1052 2439 1112 2500 par

52 2519 81 2560 ²5
94 2502 207 2587 priori,
230 2505 374 2568 ceterum
398 2504 501 2569 altero
519 2503 587 2568 fere
611 2504 718 2588 spatio
742 2525 806 2588 qua
825 2504 964 2569 dehiscit
986 2527 1112 2589 quaque

93 2589 213 2656 flexum
237 2591 308 2676 agit
332 2592 481 2677 amplior.
527 2591 597 2656 eius
620 2593 882 2675 promunturium
906 2596 958 2656 est
979 2591 1113 2677 Borion,
1202 2570 1209 2603 ⁸

94 2679 136 2743 ab
174 2698 276 2764 eoque
313 2680 472 2766 incipiens
507 2701 578 2764 ora,
616 2701 713 2763 quam
745 2679 932 2765 Lotophagi
968 2682 1112 2749 tenuisse

94 2766 257 2853 dicuntur,
294 2790 396 2853 usque
431 2768 472 2834 ad
501 2767 686 2852 Phyconta,
720 2773 752 2832 ct
785 2769 819 2833 id
850 2771 1112 2854 promunturium

94 2859 153 2942 est,
175 2857 367 2941 inportuoso
391 2857 489 2922 litore
511 2857 661 2940 partinet
706 2858 794 2922 Arae
815 2857 907 2942 ipsae
929 2880 1049 2925 nomen
1073 2881 1111 2924 ex
1131 2865 1164 2916 38

52 2950 80 3000 aa
92 2942 261 3011 Philaenis
275 2946 435 3011 fratribus
449 2949 588 3030 traxere,
608 2945 663 3030 qui
677 2950 792 3012 contra
806 2945 1005 3031 Cyrenaicos
1020 2948 1112 3013 missi

166 3197 189 3246 1.
208 3189 353 3262 mercuri!
364 3190 392 3245 A
407 3191 475 3260 (fait
487 3189 509 3260 i)
565 3197 590 3245 4.
604 3189 768 3315 adpositum
782 3191 824 3245 A¹
837 3192 1003 3272 appositum
1015 3191 1058 3247 A²

93 3268 116 3316 5.
137 3260 214 3316 delia
231 3261 259 3316 A
273 3259 315 3316 De
341 3260 368 3316 'a
385 3260 496 3317 Vossius
557 3268 581 3318 6.
601 3277 647 3315 mc
659 3262 725 3330 ytae
744 3263 772 3316 A
805 3332 812 3343 ι
828 3269 868 3319 13.
890 3263 961 3343 syrtr
980 3263 1007 3316 A
1068 3268 1110 3344 1⁵:

91 3331 273 3404 importuosus
287 3332 329 3387 A¹
342 3332 532 3404 importuosus
546 3331 588 3386 ΑΞ
662 3339 704 3387 17.
717 3332 833 3403 pelagm
845 3333 959 3387 fluentrs
973 3333 1001 3385 A
1014 3331 1112 3403 pclagr

91 3419 236 3476 affluentis
249 3438 270 3476 a·
328 3427 370 3477 23.
392 3419 491 3490 cynips
506 3422 533 3475 A
550 3420 655 3503 Cinyps
670 3421 821 3477 Pintiaaus
881 3427 924 3476 29.
943 3408 1110 3492 fflportuoso

91 3492 133 3547 A¹
206 3498 248 3549 30.
268 3491 392 3562 philonis
406 3497 434 3546 A
508 3507 686 3561 cyrenacrcos
700 3493 728 3547 A
