2424 3908
371 200 552 258 OHOROGR.
572 203 585 258 Ι
603 210 627 260 s.
648 211 664 259 e
684 207 811 275 (ιι-ιι)
1065 206 1105 271 13

86 365 175 432 fecta
138 365 358 430 tanimalia
385 364 442 430 sed
469 368 540 430 tum
563 365 704 450 primum
733 368 926 451 accipientia
954 369 1105 453 spiritum

87 457 121 520 et
144 476 185 519 ex
210 454 342 539 parte'
332 476 399 520 ram
425 453 568 520 formata
590 475 629 519 ex
656 459 751 538 parte
779 456 883 522 adhuc
905 463 1036 522 terrena
1058 458 1104 523 vi-

87 547 213 609 suntur.
259 544 374 608 crescit
400 563 513 627 porro,
540 543 609 609 sive
632 544 718 628 quod
747 545 873 610 solutae
902 546 1029 648 magnis
1053 568 1104 612 ae-
1124 562 1157 610 63

88 632 196 697 stibus
226 632 318 697 nives
347 652 386 696 ex
418 631 606 696 inmanibus
633 630 872 735 Aethiopiae
862 635 947 718 mgis
979 635 1103 720 largius

56 739 72 779 5
88 742 187 806 quam
205 721 296 822 ripis
308 720 410 804 accipi
429 725 549 804 queant
535 719 723 804 t,dafluunt
741 722 810 786 sive
829 723 915 807 quod
933 723 982 789 sol
996 723 1104 789 hieme

86 810 185 874 terris
203 809 338 893 propior
355 815 389 874 et
402 808 444 874 ob
463 808 497 873 id
510 808 682 875 fontem
654 830 723 874 erus
742 810 890 875 minuens
908 815 985 877 truc
1004 812 1104 877 altius

87 898 168 981 abit,
191 898 332 982 sinitque
355 897 519 982 integrum
542 900 576 961 et
597 900 635 962 ut
658 901 708 962 est
730 899 939 983 plenissimus
964 921 1104 986 surgere,

87 986 158 1051 sive
181 986 269 1070 quod
294 1008 353 1070 per
381 1007 420 1050 ea
446 990 595 1070 tempora
622 986 740 1052 flantes
768 987 901 1052 Etesiae
928 992 986 1052 ιιι
1014 992 1103 1054 actas

86 1097 108 1139 a
127 1076 350 1159 septentrione
372 1074 407 1139 in
429 1074 597 1139 meridiem
615 1074 718 1140 nubes
743 1096 839 1159 super
856 1076 1017 1160 principia
1036 1078 1103 1142 eius

45 1182 73 1222 ro
87 1163 194 1228 imbre
212 1163 439 1247 praecipitant,
461 1168 520 1227 aut
536 1163 682 1228 venienti
700 1163 814 1228 obviae
828 1165 969 1230 adverso
985 1165 1104 1249 spiritu
1190 1202 1193 1207 ·

88 1273 218 1317 cursum
241 1251 464 1317 descendentis
484 1250 673 1336 impediunt,
696 1256 754 1316 aut
775 1252 905 1318 harenis
928 1275 1008 1338 quae
1031 1276 1105 1319 cum

86 1340 242 1405 fluctibus
264 1340 355 1406 litori
378 1340 543 1424 adplicant
567 1341 654 1406 ostia
676 1340 851 1424 obducunt,
875 1342 976 1426 fitque
999 1343 1104 1407 maior

86 1429 140 1493 vel
162 1429 248 1513 quod
270 1428 355 1494 nihil
378 1451 417 1494 ιι
440 1432 544 1494 semet
566 1428 700 1514 amittit,
723 1429 776 1494 vel
799 1430 884 1515 quod
907 1431 982 1514 plus
1005 1452 1103 1514 quam

87 1518 173 1582 solet
186 1517 313 1601 accipit,
331 1518 383 1582 vel
402 1517 609 1601 quodminus
628 1540 726 1602 quam
745 1517 841 1582 debet
856 1519 983 1584 emittit
1017 1519 1103 1603 quod
1123 1531 1157 1580 54

46 1621 74 1663 1⁵
89 1607 118 1670 si
147 1609 198 1671 est
225 1606 309 1670 alter
341 1605 429 1671 orbis
457 1610 598 1691 suntque
625 1607 768 1691 oppositi
799 1607 895 1673 nobis
922 1630 942 1672 ι
971 1607 1104 1672 meridie

88 1694 333 1776 antichthones,
355 1715 397 1759 ne
419 1694 499 1759 illud
523 1694 653 1779 quidem
676 1717 696 1759 a
717 1715 795 1760 vero
818 1696 955 1760 nimium
978 1697 1104 1762 absces-

88 1783 183 1865 serit,
209 1783 245 1847 in
271 1783 339 1848 illis
363 1784 458 1848 terris
483 1786 590 1848 ortum
613 1805 755 1866 amnem,
781 1784 839 1847 ubi
862 1783 974 1848 subter
1001 1785 1105 1850 maria

89 1892 184 1937 caeco
208 1871 301 1936 alveo
324 1871 558 1954 penetraverit,
586 1872 621 1935 iu
649 1871 770 1936 nostris
794 1892 906 1936 rursus
930 1891 1104 1957 emergere,

89 1962 123 2024 ιι
141 1959 204 2024 ιιι
216 1981 252 2026 ιι
265 1959 408 2025 solstitio
423 1959 607 2025 adcrescere
621 1959 708 2043 quod
725 1962 797 2023 tum
814 1959 1006 2043 hiempst
962 1961 1006 2025 sit
1019 1960 1104 2026 unde

47 2049 203 2114 moritur.
249 2048 316 2113 alia
338 2069 465 2132 quoque
488 2047 593 2113 inhia
616 2048 713 2112 terris
736 2047 820 2112 mira
844 2051 927 2113 sunt.
973 2050 1103 2134 inquo
1122 2062 1156 2111 ιι

89 2137 166 2205 dam
194 2137 266 2202 lacu
294 2134 461 2202 Chemmis
493 2135 600 2202 insula
626 2137 716 2202 lucos
749 2136 913 2221 silvasque
945 2140 979 2202 et
1005 2138 1105 2222 Apol-

56 2208 165 2290 linis
190 2225 312 2311 grande
336 2226 500 2291 sustinens
526 2226 686 2309 templum
709 2229 817 2310 natat,
845 2232 879 2291 et
902 2247 1103 2311 quocumque

87 2313 179 2379 venti
198 2334 285 2398 agun
284 2314 459 2398 tpellitur.
503 2314 690 2398 pyramides
708 2276 868 2379 tricerium
885 2314 1004 2398 pedum
1022 2315 1103 2399 lapi·

88 2402 183 2467 dibus
213 2405 392 2487 extructae,
419 2424 556 2487 quarum
584 2403 739 2486 maxima,
767 2407 835 2467 tres
857 2424 997 2488 namque
1020 2406 1104 2486 sunt,

48 2507 75 2548 ιι
88 2493 244 2576 quattuor
265 2490 332 2556 fere
356 2491 418 2557 soli
445 2491 646 2577 iugeraque
673 2490 764 2555 sedet
791 2493 940 2574 occupat,
966 2491 1104 2557 totidem

88 2580 124 2645 in
156 2578 366 2645 altitudinem
397 2579 542 2664 erigitur.
595 2578 731 2662 Moeris,
763 2579 937 2664 aliquando
970 2599 1103 2664 campus

87 2689 174 2732 nunc
197 2669 286 2733 lacus
309 2669 427 2752 viginti
445 2668 537 2732 milia
554 2689 710 2751 passuum
732 2667 768 2731 in
790 2667 960 2732 circuitum
977 2671 1104 2752 patens,

90 2756 190 2822 altior
207 2779 305 2841 quam
319 2757 360 2822 ad
378 2756 599 2840 navigandum
613 2756 742 2841 magnis
762 2757 950 2841 onustisque
964 2757 1102 2822 navibus

89 2846 169 2910 satis
194 2849 252 2910 est.
296 2844 506 2910 Psammetici
529 2867 610 2928 opus
634 2844 852 2929 labyrinthus,
875 2845 989 2910 domos
1012 2845 1156 2910 milleto

51 2949 75 2991 ⁸⁰
88 2937 122 2999 ιι
139 2933 248 3018 regias
266 2934 434 2999 duodecim
453 2937 608 3018 perpetuo
627 2933 762 3017 parietis
782 2933 907 2998 ambitu
926 2934 1103 3018 amplexus,

88 3043 252 3088 marmore
275 3024 440 3087 extructus
464 3044 502 3086 ac
525 3025 644 3103 tectus,
673 3044 773 3086 unum
795 3023 830 3086 in
853 3043 887 3086 se
915 3023 1103 3088 descensum

161 3203 186 3251 6.
209 3195 338 3300 proprior
360 3197 402 3251 A¹
423 3195 539 3298 propior
562 3195 602 3249 A¹
674 3202 699 3251 8.
724 3195 865 3250 ethaesiae
890 3195 916 3249 A
991 3202 1031 3250 12.
1055 3195 1103 3247 ad·

87 3265 198 3336 plicant
212 3268 253 3320 A¹
266 3283 322 3338 app
324 3266 414 3322 licant
427 3266 468 3320 A
536 3272 576 3321 16.
593 3265 771 3321 anticthoues
787 3268 814 3320 A
883 3273 925 3320 19.
940 3266 1008 3320 ador
994 3281 1102 3319 resuere

88 3338 129 3392 A¹
149 3353 310 3392 accrescere
327 3337 369 3391 Al
432 3337 543 3407 hiemps
562 3337 603 3391 Al
620 3336 712 3391 hiems
731 3337 773 3392 Α*
837 3343 879 3392 25
899 3352 970 3404 quae
990 3337 1056 3389 sede
1074 3339 1102 3392 A

90 3425 145 3476 qua
163 3408 245 3463 sedet
264 3409 417 3464 Plurimum
479 3415 522 3463 31.
542 3423 576 3461 ac
593 3409 740 3462 tectus—
754 3407 831 3462 intus
850 3424 899 3463 ora.
919 3407 960 3461 A¹
978 3408 1042 3463 odd.
1062 3407 1104 3462 A8

88 3481 121 3534 iu
138 3497 224 3552 morp.
243 3481 374 3549 inferiore
