2424 3908
355 197 538 259 cnoaoou
556 199 598 255 ιιι
615 205 633 257 ι
650 202 778 270 (ιι-ιι)
1035 201 1080 266 65

54 365 244 452 iterumque
261 383 366 535 ger
343 383 475 446 campos
497 362 616 429 tacitus
639 367 674 428 et
695 362 750 428 vix
767 361 903 428 fluam
893 362 980 427 mid
998 364 1078 430 litus

55 453 213 519 elabitur.
395 455 428 516 et
455 448 635 536 Cambyses
668 473 708 516 ex
737 450 900 517 radicibus
928 447 1079 518 Coraxici
1097 466 1130 515 ιι

55 540 181 609 montis
204 538 320 605 ricinis
337 539 483 605 fontibus
502 538 613 605 editi
603 561 638 605 m
656 538 786 606 diversa
805 539 936 624 abeunt,
957 560 1079 625 perque

55 629 201 697 Hiberas
224 631 258 694 et
274 626 446 713 Hyrcanos
469 627 525 693 diu
543 632 577 693 et
595 628 736 694 multum
758 589 956 694 dietantibde
976 629 1078 731 alveis

27 717 221 800 confluunt,
248 721 325 801 post
350 736 416 782 non
438 716 537 802 longe
565 738 585 781 a
611 717 696 782 mari
718 716 831 782 eodem
857 717 932 784 lacu
955 718 1079 802 accepti

56 807 93 872 in
110 804 363 890 Hyrcanium
336 826 444 870 smum
461 827 527 870 uno
552 825 608 870 ore
625 806 829 891 perveniunt.
805 804 1020 871 tIaxartes
1043 810 1079 872 et
1097 820 1132 869 ιι

58 893 148 961 Oxos
171 914 230 978 per
253 893 382 959 deserta
400 890 553 978 Scythiae
574 914 614 959 ex
625 828 872 978 Sugdianorum
890 894 1079 979 regionibus

58 983 93 1049 in
116 979 307 1067 Scythicum
330 985 461 1066 exeunt,
487 981 546 1047 ille
573 1003 633 1048 suo
660 980 751 1047 fonte
775 981 922 1065 grandis,
948 981 1039 1047 hic
1029 1004 1080 1047 m-

58 1093 155 1138 cursu
177 1069 318 1136 aliorum
337 1069 502 1155 grandior,
523 1073 558 1135 et
579 1069 778 1154 aliquamdiu
801 1070 841 1135 ad
864 1090 1014 1136 occasum
1038 1072 1079 1136 ab

20 1160 186 1225 moriente
203 1179 377 1225 occurrens
399 1159 491 1224 iuxta
507 1156 621 1224 Dahas
641 1157 784 1243 primum
802 1158 987 1242 inflectitur,
1009 1181 1080 1226 cur-

58 1268 161 1332 suque
189 1247 231 1312 ad
263 1246 519 1331 septentrionem
551 1267 707 1312 converso
738 1247 826 1313 inter
852 1246 1013 1314 Amardos
1046 1253 1080 1314 et

57 1335 210 1401 Paesicas
234 1358 271 1402 οι
294 1335 408 1420 aperit
455 1335 557 1401 silvae
580 1335 646 1401 alia
673 1357 801 1421 quoque
824 1335 897 1400 dira
921 1337 1079 1402 animalia
1097 1351 1131 1400 43

58 1445 172 1490 verum
209 1427 243 1489 et
278 1424 382 1510 tigres
417 1422 527 1489 ferunt
561 1425 673 1509 utique
706 1423 909 1508 Hyrcaniae,
946 1447 1079 1491 saevum

58 1513 204 1578 ferarum
236 1533 341 1598 genus
373 1516 407 1577 et
438 1534 540 1597 usque
577 1533 616 1577 eo
648 1513 779 1597 pernix,
816 1516 853 1578 ut
884 1513 950 1578 illis
982 1513 1080 1599 longe

23 1617 463 1774 ”3326206665362
487 1604 823 1755 {matut
836 1605 1080 1775 effi?

59 1778 135 1844 inde
162 1778 302 1862 repetito
327 1778 460 1843 solitum
486 1781 520 1843 et
546 1777 642 1843 facile
670 1778 722 1843 sit
768 1800 867 1844 causa
894 1800 994 1844 exeo
1018 1783 1079 1862 est,

59 1865 149 1951 quod
176 1866 232 1931 ubi
258 1866 315 1931 ille
342 1866 542 1949 interceptos
571 1887 683 1931 earum
711 1866 836 1932 catulos
859 1866 944 1932 citus
973 1868 1081 1950 coepit

61 1953 209 2037 avehere,
228 1958 261 2020 et
279 1954 405 2019 rabiem
424 1953 754 2039 adpropinquantium
772 1957 846 2019 astu
863 1954 1080 2021 frustraturus

22 2060 163 2109 rounam
185 2042 226 2107 de
247 2043 395 2126 pluribus
419 2042 546 2126 omisit,
571 2042 634 2107 hae
655 2043 836 2128 proiectum
859 2043 1025 2128 excipiunt
1048 2049 1082 2110 et

60 2131 103 2197 ad
126 2129 248 2196 cubilia
266 2152 325 2196 sua
346 2130 500 2210 referunt,
522 2153 715 2216 rursumque
734 2136 768 2198 et
785 2132 915 2215 saepius
933 2137 1081 2198 remeant

59 2223 160 2304 atque
178 2219 264 2285 idem
282 2219 437 2303 efficiunt,
455 2219 557 2286 donec
575 2221 617 2286 ad
633 2221 857 2307 frequentiora
874 2243 972 2307 quam
992 2221 1081 2287 adim

59 2308 205 2374 audeant
222 2307 381 2393 profugus
399 2311 513 2392 raptor
532 2308 657 2374 evadat.
688 2311 778 2375 ultra
796 2307 953 2394 Caspium
973 2311 1080 2375 sinum
1098 2325 1133 2374 44

59 2395 218 2482 quidnam
236 2400 323 2462 esset
341 2396 532 2481 ambiguum
550 2397 751 2482 aliquamdiu
768 2396 841 2480 fuit,
863 2398 991 2462 idemne
1010 2419 1080 2463 oce-

17 2502 45 2543 ιο
61 2507 145 2550 anus
168 2506 213 2550 an
234 2485 334 2550 tellus
355 2485 476 2551 infesta
497 2485 676 2569 frigoribus
706 2486 775 2551 sine
800 2485 927 2551 ambitu
950 2506 988 2550 ac
1010 2486 1080 2550 sine

60 2573 149 2638 fine
163 2574 318 2657 proiecta
377 2574 434 2639 sed
476 2576 606 2676 praeter
645 2573 800 2658 physicos
840 2571 1083 2657 Homerumque
1100 2588 1135 2639 45

60 2662 252 2728 universum
293 2662 405 2728 orbem
447 2662 531 2727 mari
571 2661 803 2727 circumfusum
840 2683 910 2727 esse
952 2662 1083 2728 disserit

61 2747 235 2816 Cornelius
259 2744 371 2835 Nepos
398 2753 436 2815 ut
457 2750 632 2835 recentior,
660 2751 855 2817 auctoritate
879 2752 925 2818 sic
950 2753 1082 2836 certior3

135 2983 162 3032 2.
177 2976 282 3030 cornici
291 2978 319 3031 A
329 2975 457 3031 Coraxici
469 2994 490 3031 a
544 2983 569 3034 8.
580 2977 652 3032 editi
665 2979 695 3032 et
707 2978 737 3032 in
747 2980 775 3033 A
789 2977 861 3034 editi
874 2976 905 3032 in
920 2977 1082 3034 ciacconius

98 3053 126 3102 4
138 3046 511 3116 hyrcamosAHyrcanosv
548 3055 572 3105 6.
587 3049 746 3104 laxartesA
787 3057 811 3104 6
824 3055 848 3105 7
863 3051 893 3104 et
905 3067 957 3119 per
970 3049 1082 3106 deserta

64 3117 194 3187 scythiae
213 3135 281 3173 oxos
299 3119 341 3173 A¹
359 3120 389 3173 et
408 3134 474 3173 oxos
493 3136 545 3189 per
563 3120 676 3175 deserta
694 3119 822 3188 scythiae
835 3119 1083 3177 A¹'1.surdia-

62 3204 165 3243 nornm
182 3190 211 3244 A
231 3189 437 3259 Sogdianorum
455 3190 621 3246 Retuolda'as
693 3198 717 3246 9.
737 3190 777 3244 ali
778 3190 923 3272 quanssdiu
939 3194 967 3248 A
1041 3198 1082 3272 ιι.

63 3258 162 3340 aperit
177 3260 218 3314 A¹
241 3260 367 3330 aperitur
384 3259 424 3314 A¹
499 3267 540 3316 19.
560 3261 848 3342 adpropinquantium
859 3202 912 3315 A¹
930 3261 1082 3331 appropin-

63 3329 213 3398 quantium
235 3331 277 3386 A²
348 3337 390 3385 20
411 3331 522 3386 omissis
541 3333 569 3386 A
592 3332 688 3387 omisit
710 3349 731 3388 a
803 3339 845 3386 21.
869 3334 1033 3386 remaneant
1039 3334 1083 3460 2A

63 3403 192 3456 remeant
213 3418 234 3456 ιο
305 3408 349 3457 22.
368 3402 398 3455 at
418 3418 453 3455 ue
472 3403 513 3457 A¹
535 3419 608 3459 corr:
677 3409 720 3458 24.
739 3401 922 3473 aliquanssdiu
939 3403 1003 3457 A

64 3471 198 3525 dixerunt
216 3474 244 3527 A
263 3471 377 3527 disserit
396 3419 510 3530 danius
533 3473 710 3530 Waohsmatt

119 3571 260 3620 Ροιιιοιιιριιί
274 3571 344 3613 Meal
907 3567 923 3616 δ
