2424 3908
363 192 543 250 cacabos.
562 195 575 249 Ι
595 197 810 267 rapot-110)
1046 197 1089 262 25

71 376 188 422 curum
220 355 392 440 oppidum,
428 356 518 422 fuere
554 360 587 422 et
616 356 819 423 Amazonum
856 362 979 442 castra,
1015 360 1087 426 ideo

69 443 287 510 Amazonium
323 448 451 510 vocant.
511 442 669 510 Tabereni
705 443 869 529 Chalybas
906 445 1088 533 adtingunt,
1100 467 1151 517 106

69 533 190 618 quibus
222 533 258 597 in
284 532 358 597 lusu
385 534 517 617 risuque
549 554 711 599 summum
737 534 859 599 bonum
891 537 949 599 est
1000 533 1089 601 ultra

66 619 216 703 Mossyni
247 623 354 686 turres
381 621 508 706 ligneas
539 622 692 708 subcunt,
722 623 811 688 notis
842 642 960 706 corpus
992 644 1087 691 omne

40 709 275 793 sparsignant,
296 710 472 794 propatulo
490 712 673 794 vescuntur,
690 711 852 793 promisce
870 711 1088 777 concumbunt

69 801 104 863 et
126 797 252 881 palam,
274 817 367 882 reges
392 798 546 883 suffragio
570 797 731 883 deligunt,
753 799 957 883 vinculisque
981 804 1014 864 et
1037 822 1086 867 ar·

68 884 200 950 tissima
224 885 370 950 custodia
391 889 513 968 tenent,
536 889 633 969 atque
652 886 709 951 ubi
732 887 862 970 culpam
885 908 984 970 prave
1008 889 1086 972 quid

68 972 248 1057 inperando
279 995 440 1058 meruere,
471 973 579 1038 inedia
611 973 677 1038 diei
707 975 810 1039 totius
839 974 1005 1058 adficiunt,
1037 997 1086 1041 ce

68 1065 176 1126 terum
191 1061 299 1144 asperi
313 1062 429 1126 inculti
443 1060 593 1146 pernoxii
612 1062 766 1145 adpulsis.
798 1061 873 1126 dein
890 1062 997 1126 minus
1016 1063 1086 1148 leri,
1098 1081 1148 1131 10⁷

27 1166 56 1208 rc
68 1170 181 1213 rerum
200 1151 234 1214 et
255 1148 290 1213 hi
308 1149 482 1215 inconditis
505 1150 661 1234 moribus,
679 1149 929 1234 Macrocephali,
945 1150 1085 1237 Bechiri,

70 1235 202 1302 Buxeri.
229 1258 322 1302 rarae
336 1238 449 1303 urbes:
463 1236 646 1303 Cerasunta
660 1241 694 1302 et
708 1237 869 1322 Trapezos
884 1239 1024 1304 maxime
1038 1240 1084 1304 in·

67 1325 197 1390 lustres.
233 1325 308 1390 inde
326 1326 356 1390 is
374 1326 464 1391 locus
483 1329 533 1390 est
550 1326 608 1390 ubi
626 1327 724 1391 finem
743 1327 857 1392 ductus
877 1349 897 1391 a
915 1325 1085 1411 Bosphoro
1097 1345 1149 1395 108

67 1415 194 1479 tractus
223 1413 354 1498 accipit,
382 1417 480 1498 atque
507 1414 582 1478 inde
605 1436 640 1479 se
668 1415 702 1479 in
726 1415 800 1479 sinu
828 1415 956 1480 adversi
979 1415 1086 1480 litoris

67 1500 170 1566 flexus
199 1501 359 1566 adtollens
387 1503 657 1587 angustissimum
685 1502 783 1567 Ponti
809 1502 892 1567 facit
921 1503 1087 1587 angulum.

27 1606 53 1648 1⁶
67 1588 123 1654 hic
141 1591 219 1654 sunt
231 1587 356 1672 Colchi,
374 1589 437 1655 huc
451 1590 569 1655 Phasis
588 1591 738 1674 erumpit,
757 1591 810 1655 hic
824 1591 936 1656 eodem
955 1592 1086 1656 nomine
1193 1590 1199 1599 ’

69 1698 133 1760 qno
153 1677 261 1742 amnis
283 1680 333 1742 est
351 1700 370 1741 a
388 1677 639 1763 Themistagora
656 1678 785 1743 Milesio
804 1679 976 1744 deductum
996 1680 1086 1763 oppi-

68 1765 156 1849 dum,
178 1765 233 1830 hic
250 1763 364 1830 Phrixi
382 1767 542 1849 templum
563 1771 596 1831 et
614 1767 714 1849 lucus,
732 1766 845 1831 fabula
863 1771 971 1831 vetere
990 1767 1085 1850 pellis

68 1873 187 1918 aureae
213 1853 344 1919 nobilis.
393 1854 470 1919 hinc
500 1854 563 1919 orti
596 1858 725 1920 montes
753 1854 852 1938 longo
885 1876 919 1919 se
946 1856 1024 1940 iugo
1053 1859 1087 1920 et
1097 1872 1150 1922 109

68 1941 172 2006 don‘ec
193 1939 351 2025 Riphaeis
379 1943 618 2027 coniungantur
645 1942 871 2025 exporrigunt,
900 1943 955 2026 qui
983 1943 1086 2007 altera

10 2031 164 2113 ,sparte
192 2029 227 2092 in
253 2029 417 2095 Euxinum
446 2035 479 2095 et
500 2029 665 2095 Maeotida
692 2035 725 2095 et
751 2029 892 2108 Tanain,
920 2030 1025 2094 altera
1050 2032 1086 2095 in

70 2115 228 2201 Caspium
250 2118 387 2203 pelagus
407 2118 545 2203 obversi,
568 2116 708 2183 Cerauni
731 2118 895 2202 dicuntur,
919 2118 1004 2183 idem
1028 2120 1086 2184 ali·

67 2205 126 2269 ubi
155 2204 286 2270 Taurici
313 2205 440 2271 Moschi
466 2206 657 2272 Amazonici
686 2205 798 2291 Caspii
830 2205 978 2272 Coraxici
1006 2205 1085 2272 Cau·

67 2292 158 2376 casii,
172 2298 216 2357 ‘ut
234 2294 307 2358 aliis
327 2295 442 2359 aliisve
462 2286 600 2378 adpositi
620 2294 773 2382 gentibus
788 2295 836 2360 ita
855 2295 929 2359 aliis
949 2295 1085 2380 aliisque

66 2381 147 2446 dieti
173 2382 369 2447 nominibus.
415 2386 450 2448 at
475 2383 508 2448 in
531 2384 637 2466 primo
660 2384 745 2448 flexu
768 2384 832 2447 iam
861 2384 951 2448 curvi
979 2384 1149 2450 litoris110

32 2486 56 2526 π
70 2468 228 2554 oppidum
257 2471 416 2554 estquod
440 2469 555 2536 Graeci
577 2475 775 2536 mercatores
804 2471 1025 2554 constituisse,
1053 2475 1086 2536 et

65 2558 144 2640 qnia
177 2579 250 2622 anm
283 2580 379 2624 caeca
408 2562 604 2642 tempestate
636 2562 830 2642 agerentur,
865 2558 989 2642 ignaris
1022 2579 1086 2642 qua

65 2649 157 2710 terra
180 2642 267 2710 esset
291 2647 385 2731 cycni
407 2668 471 2711 vox
493 2651 607 2712 notam
630 2646 777 2730 dederat,
806 2643 952 2730 Cycnum
976 2647 1085 2730 adpel-

63 2734 153 2800 lasse
176 2734 337 2799 dicuntur.
382 2735 509 2816 reliqua
532 2735 601 2799 eius
624 2734 713 2799 ferae
742 2734 948 2817 incultaeque
971 2738 1085 2820 gentes

139 2895 163 2944 2.
185 2889 341 2958 adtingunt
353 2889 394 2943 A¹
412 2888 558 2958 attingunt
570 2888 612 2943 A²
666 2895 690 2944 ³.
710 2889 785 2943 ultra
804 2889 955 2943 carambim
969 2890 997 2944 A
1010 2890 1086 2943 ultra

74 2958 196 3015 Vinctus
267 2965 290 3013 9.
311 2959 436 3030 adpulsis
460 2961 501 3013 A¹
523 2957 650 3030 appulsis
673 2958 715 3012 A²
788 2965 829 3014 10.
852 2959 1035 3014 macrocefali
1056 2960 1085 3014 A

104 3029 229 3084 discheri
242 3030 270 3083 A
284 3029 398 3085 Bechiri
414 3029 526 3086 Vossius
563 3037 603 3085 11.
619 3029 724 3083 burredi
739 3030 767 3083 A
781 3029 884 3084 Buxeri
903 3030 1050 3085 Vedianas

67 3103 115 3155 aet
134 3101 176 3154 A¹
195 3100 225 3154 et
238 3099 280 3154 Αἵ
335 3106 434 3156 11.12.
454 3100 587 3155 inlustres
602 3101 643 3154 A¹
661 3099 785 3154 illustres
804 3100 846 3154 A²
901 3107 943 3155 12.
962 3102 1085 3170 bosporo

66 3172 108 3225 Αι
121 3170 267 3242 bosphoro
281 3170 322 3225 A’
378 3178 419 3225 14.
435 3171 575 3226 adtollens
589 3171 630 3224 A¹
644 3171 778 3226 attollens
796 3170 837 3225 A²
893 3178 934 3227 16.
954 3172 1030 3241 quod
1044 3173 1085 3225 A¹

66 3258 123 3311 quo
142 3243 184 3296 A'
258 3247 299 3296 18.
319 3240 391 3313 (se)
414 3241 455 3296 A²
528 3248 570 3296 22.
591 3241 669 3311 caspi
691 3242 719 3295 A
791 3248 833 3297 22.
854 3248 896 3296 23.
921 3241 1034 3296 caucasi
1056 3241 1085 3294 A

121 3318 165 3368 23.
185 3311 325 3382 adpositis
344 3312 386 3367 A¹
405 3311 544 3393 appositis
563 3312 605 3366 Α9
659 3318 700 3367 24.
721 3311 757 3365 ad
775 3313 816 3365 A¹
836 3311 920 3365 atA²
974 3310 1085 3364 alitoris

65 3383 108 3438 A¹
126 3382 220 3437 litoris
243 3381 286 3436 ΑΞ
358 3389 400 3438 26.
419 3382 526 3452 rgnaris
550 3398 621 3451 quae
639 3385 667 3438 A
685 3381 793 3450 ignaris
812 3397 868 3450 qua
885 3398 906 3436 rc
978 3386 1020 3435 27.
1039 3386 1083 3438 28.

65 3453 226 3524 adpellasse
240 3454 281 3507 A¹
296 3453 455 3523 appellasse
468 3452 510 3506 A²
