2424 3908
353 201 534 259 onoaoea.
554 204 567 257 1
588 209 611 260 1.
629 210 646 259 ι
666 206 776 274 (4-11)
1055 205 1075 269 3

54 369 219 432 terrarum
241 365 327 432 iacet
350 388 370 431 a
392 366 476 432 freto
501 364 542 431 ad
565 387 603 430 ea
621 366 755 431 flumina
779 367 820 431 ab
844 367 948 433 altero
972 368 1075 433 latere

54 453 203 606 Afrippm
230 475 397 540 vocamus,
425 455 466 520 ab
491 456 595 520 altero
618 454 785 539 Europen3
815 456 900 521 ultra
924 457 1076 542 quicquid

55 548 107 608 est
164 543 214 607 sia
237 547 296 608 est.

146 631 266 696 Tribus
292 631 377 698 hanc
406 654 422 697 e
449 634 598 716 partibus
625 633 736 715 tangit
763 654 914 716 oceanus,
942 636 991 699 ita
1018 616 1116 698 no-2

29 720 201 785 sminibus
224 723 262 784 ut
285 721 366 785 locis
386 721 544 806 differens,
566 720 655 786 Eous
679 722 720 785 ab
744 722 878 805 oriente,
901 745 921 787 a
944 693 1111 787 meridie⁹

56 808 201 893 Indicus,
234 832 253 874 a
287 811 506 894 septentrione
541 809 723 894 Scythicus.
774 812 846 894 ipsa
879 812 1006 897 ingenti
1038 832 1077 877 ac

56 900 215 983 perpetua
241 897 349 963 fronte
377 920 471 964 versa
498 900 538 964 ad
567 898 724 966 orientem
752 905 880 964 tantum
907 899 954 965 ibi
983 921 1017 964 se
1040 901 1077 964 in

56 985 264 1052 latitudinem
284 987 418 1053 effundit
437 992 595 1072 quantum
608 986 739 1071 Europe
757 992 790 1052 et
808 987 921 1053 Africa
938 991 971 1052 et
989 988 1076 1073 quod

56 1076 146 1141 inter
168 1075 281 1140 ambas
304 1077 440 1162 pelagus
462 1077 636 1142 inmissum
660 1080 717 1141 est.
763 1077 838 1141 inde
862 1098 935 1141 cum
954 1077 1077 1160 aliqua·

17 1169 154 1229 rotenus
182 1164 288 1229 solida
314 1165 485 1250 prooessit,
514 1188 553 1230 ex
582 1164 641 1230 illo
664 1186 784 1230 oceano
813 1188 907 1251 quem
931 1165 1077 1231 Indicum

60 1253 214 1337 diximus,
245 1252 423 1319 Arabicum
454 1275 544 1319 mare
577 1259 610 1319 et
639 1254 816 1340 Persicum,
849 1275 888 1319 ex
921 1251 1075 1339 Scythico

59 1304 215 1427 Caspiani
238 1343 368 1427 recipit3
391 1347 425 1407 et
447 1343 519 1408 ideo
539 1365 602 1428 qua
624 1342 741 1426 recipit
760 1345 939 1428 angustior,
962 1365 1075 1409 rursus

58 1431 263 1532 expanditur,
282 1432 366 1496 etfit
352 1435 453 1496 itam
472 1433 520 1497 lat
522 1453 541 1496 a
560 1454 656 1517 quam
673 1432 788 1497 fuerat.
766 1432 900 1497 idein
919 1454 991 1498 cum
1009 1433 1076 1497 iam

57 1541 216 1584 msuum
243 1519 340 1584 finem
368 1520 567 1605 aliarumque
595 1525 756 1586 terrarum
781 1521 920 1586 confinia
948 1521 1077 1586 devenit

18 1627 45 1669 rs
59 1609 169 1673 media
182 1609 304 1673 nostris
324 1609 518 1693 aequoribus
534 1609 702 1694 excipitur,
719 1610 845 1695 reliqua
859 1610 962 1675 altero
977 1631 1076 1674 cornu

57 1698 168 1782 pergit
184 1697 227 1761 ad
244 1695 357 1762 Nilum
375 1699 423 1763 alt
409 1703 480 1765 tero
499 1698 540 1763 ad
554 1698 689 1763 Tanain.
726 1720 783 1764 ora
802 1698 870 1762 eius
890 1719 962 1762 cnm
982 1698 1074 1763 alveo
1096 1713 1128 1762 10

57 1785 128 1851 Nili
146 1786 251 1850 amnis
269 1786 350 1869 ripis
370 1787 535 1853 descendit
553 1788 588 1851 in
602 1786 747 1871 pelagus,
766 1789 800 1850 et
819 1786 875 1849 diu
894 1787 978 1850 sicut
995 1786 1076 1851 illud

57 1873 181 1938 incedit
198 1873 247 1938 ita
266 1897 325 1939 sua
344 1875 444 1941 litora
462 1875 615 1960 porrigit3
635 1874 708 1938 dein
722 1873 761 1938 fit
778 1873 923 1938 venienti
937 1874 1076 1957 obviam,

58 1965 93 2027 et
109 1961 254 2047 primum
277 1985 311 2028 se
329 1964 453 2049 ingenti
474 1965 600 2028 ambitu
618 1963 781 2046 incurvat,
803 1967 880 2046 post
899 1983 933 2025 se
951 1961 1077 2047 ingenti

18 2070 45 2112 so
57 2051 167 2118 fronte
183 2052 224 2117 ad
238 2051 517 2137 Hellesponticum
535 2052 656 2116 fretum
671 2051 830 2134 extendit3
850 2051 890 2115 ab
906 2071 944 2116 eo
959 2051 1076 2115 iterum

59 2141 196 2226 obliqua
215 2142 256 2206 ad
273 2141 490 2226 Bosphorum,
507 2141 626 2206 itemm
643 2140 827 2224 iterumque
846 2140 887 2204 ad
905 2139 1075 2205 Ponticum

59 2230 147 2295 latus
171 2251 277 2313 curva,
301 2230 425 2295 aditum
443 2229 625 2295 Maeotidos
648 2233 835 2294 transverso
855 2230 1001 2314 margine
1021 2227 1075 2292 ad·

58 2318 171 2402 tingit,
188 2318 294 2400 ipsam
313 2320 437 2403 gremio
456 2318 497 2383 ad
510 2318 635 2383 Tanain
653 2339 755 2401 usque
774 2318 931 2400 conplexa
948 2317 987 2381 fit
1005 2317 1076 2400 ripa

59 2429 124 2491 qua
153 2405 274 2470 Tanais
302 2410 360 2472 est.
405 2407 440 2472 in
468 2429 506 2472 aa
532 2408 655 2490 primos
683 2406 851 2470 hominum
881 2406 922 2470 ab
950 2406 1074 2470 oriente
1097 2420 1128 2467 11
1179 2482 1181 2486 μ

20 2514 45 2554 ιι
59 2496 238 2578 accipimus
265 2493 362 2561 Indos
393 2499 426 2560 et
454 2493 549 2561 Seras
583 2500 615 2561 et
647 2493 794 2580 Scythas.
846 2492 937 2558 Seres
969 2493 1077 2556 media

57 2583 161 2649 ferme
188 2582 279 2648 ane
306 2585 409 2667 partis
442 2584 601 2668 incolunt,
628 2584 702 2649 Indi
730 2589 758 2648 et
784 2581 915 2666 Scythae
947 2580 1076 2645 ultima:

58 2673 157 2738 ambo
177 2672 243 2736 late
261 2676 409 2755 patentes
423 2694 527 2756 neque
546 2673 581 2737 in
598 2673 659 2738 hoc
673 2674 801 2736 tantum
819 2671 955 2756 pelagus
974 2669 1076 2735 effusi.

59 2765 211 2844 spectant
241 2761 326 2825 enim
355 2762 455 2827 etiam
482 2760 650 2825 meridiem
677 2758 765 2845 Indi,
793 2780 946 2844 oramque
973 2758 1077 2823 Indici

58 2849 174 2934 maris,
201 2850 267 2914 nisi
295 2849 401 2934 quoad
429 2853 538 2914 aestus
560 2849 808 2914 inhabitabilem
836 2848 993 2931 efficiunt,
1023 2846 1078 2910 diu

22 2956 45 2997 ιι
60 2939 223 3004 continuis
242 2940 394 3023 gentibus
409 2942 577 3022 occupant.
616 2942 764 3022 spectant
778 2942 811 3002 et
826 2936 1077 3021 septentrionem

60 3025 217 3112 Scythae,
245 3049 283 3091 ac
305 3027 384 3092 litus
397 3024 610 3154 Scythicum,
636 3028 700 3092 nisi
723 3025 807 3096 unde
829 3024 1006 3110 frigoribus
1030 3046 1078 3088 ar·

131 3209 238 3283 apost
251 3200 383 3270 Europen
401 3202 465 3256 cdd
480 3200 521 3253 A¹
539 3202 571 3254 ia
588 3217 674 3272 marg.
688 3201 818 3268 inferiore
836 3198 874 3253 ad
891 3198 959 3253 nilsr.
979 3197 1075 3252 africa

60 3271 218 3327 adtenain.
226 3271 477 3352 europenomA¹
549 3278 574 3325 2
590 3270 808 3352 34<ultra
823 3270 980 3351 tan>g1tA
1052 3275 1076 3322 6.

61 3343 207 3412 schyticne
220 3344 248 3396 A
320 3349 344 3398 8.
363 3341 544 3396 altitudinem
562 3342 591 3395 A
663 3348 705 3396 23
724 3341 787 3411 ipsa
805 3340 861 3394 Ai
850 3357 941 3421 rpsam
966 3339 1078 3393 Vossius

113 3415 295 3541 ιιιιιῑιζῙΑ
282 3412 399 3483 coplexa
416 3413 444 3466 A
498 3419 541 3468 26.
562 3415 592 3466 et
610 3412 732 3481 Scythae
746 3419 812 3482 poet
829 3410 893 3464 Indi
912 3411 975 3466 add
995 3411 1062 3465 edtt'
1039 3416 1079 3463 tro

62 3491 180 3542 a.1477
225 3487 320 3542 mettis
337 3486 468 3554 impresso

881 3569 918 3624 l*
