2424 3908
429 386 701 462 PRAEFATIO

122 524 321 610 Pomponius
343 523 430 591 Mela
450 525 669 611 Tingenterae
692 527 728 591 in
751 527 870 612 oppido
894 525 1073 613 Hispaniae

53 613 208 680 Baeticae
237 611 367 699 natus¹)
403 613 442 679 de
475 614 713 701 chorographia
748 615 849 682 libros
886 619 954 682 tres
987 638 1073 682 com-

54 703 167 788 posuit
190 701 394 787 anno40l41
421 725 452 788 p.
476 701 550 769 Chr.
572 705 767 789 imperatore
791 702 953 790 Caligula,
982 706 1073 771 cuius

55 793 95 857 de
125 791 297 857 Britannia
326 791 529 877 triumphum
558 792 645 858 haud
676 793 771 858 dubie
801 793 910 861 innuit
937 793 989 860 III
1015 795 1073 860 49:

54 882 194 967 „quippe
221 880 348 946 tamdiu
373 880 518 946 clausam
547 879 600 965 (sc.
623 880 843 967 Britanniam)
867 883 973 967 aperit
1001 904 1073 949 ecoe

54 970 239 1056 principum
267 969 440 1055 maximus,
465 992 525 1036 nec
551 969 784 1036 indomitarum
811 970 906 1036 modo
935 974 1010 1036 ante
1039 993 1074 1036 se

55 1081 169 1124 verum
192 1059 379 1144 ignotarum
402 1080 529 1144 quoque
553 1059 700 1146 gentium
723 1060 840 1143 victor,
867 1060 1073 1145 propriarum

56 1169 166 1212 rerum
189 1147 286 1213 fidem
307 1152 346 1212 ut
368 1148 454 1213 bello
474 1147 651 1231 affectavit,
674 1149 722 1213 ita
740 1148 907 1234 triumpho
932 1147 1073 1214 declara·

56 1239 150 1302 turus
173 1235 312 1321 portat.“
349 1236 439 1314 Quae
462 1237 561 1302 verba
579 1257 644 1301 non
664 1236 705 1302 ad
724 1234 852 1303 Claudii
870 1237 1073 1322 triumphum

58 1346 142 1391 anno
165 1325 211 1390 44
228 1347 259 1409 p.
279 1322 355 1390 Chr.
377 1324 416 1389 de
434 1325 603 1391 Britannis
627 1329 744 1391 actum·
757 1325 926 1392 referenda
944 1348 1015 1391 esse
1030 1361 1073 1372 -

56 1413 90 1479 id
113 1412 199 1499 quod
222 1413 326 1478 voluit
348 1412 489 1480 Bursian
510 1415 545 1480 in
568 1414 676 1480 Iahnii
699 1414 808 1479 annal.
830 1413 936 1481 XCIX
955 1411 1073 1500 (1869)

56 1526 87 1589 p.
111 1503 177 1568 630
200 1539 242 1550 —
265 1524 369 1587 nuper
391 1502 426 1567 in
448 1502 566 1569 Philol.
589 1501 732 1568 XXXIV
749 1525 781 1588 p.
801 1503 864 1568 741
890 1524 928 1569 ex
951 1525 990 1568 eo
1009 1502 1073 1568 ool-

56 1592 137 1676 legi,
164 1589 249 1676 quod
278 1590 364 1655 Mela
389 1590 580 1657 divisionem
602 1590 827 1657 Mauretaniae
854 1591 889 1656 in
911 1590 1074 1656 Maureta-

57 1681 147 1745 niam
181 1679 392 1764 Tingitanam
425 1684 458 1746 et
487 1680 726 1746 Mauretaniam
756 1679 1000 1747 Caesariensem
1032 1680 1073 1744 ab

56 1769 119 1834 hoc
142 1768 289 1852 principe
312 1768 434 1834 factam
457 1765 629 1855 ignoratl).

124 1856 229 1921 Melae
244 1857 332 1921 orbis
347 1858 522 1942 descriptio
538 1861 608 1923 arte
621 1857 783 1923 rhetorica
797 1853 961 1944 condital)
975 1857 1073 1921 lecto·

130 2000 157 2136 11
174 2015 203 2121 i.
221 1997 374 2148 lltdsssse&
393 2066 447 2122 Dio
467 2073 595 2136 60,9,1;
614 2067 686 2123 Plin.
704 2065 739 2123 N.
758 2067 793 2124 H.
812 2067 877 2136 Va,
896 2073 942 2136 1¹3
960 2066 1073 2124 11111-

58 2139 162 2208 quardt
178 2137 329 2193 Romeche
348 2138 620 2210 Staatsverwaltung
637 2140 650 2192 I
667 2157 695 2208 p.
715 2145 776 2194 818.

129 2211 157 2278 3)
175 2227 202 2265 v.
216 2207 229 2261 Ι
245 2214 258 2263 1
274 2208 423 2264 facundiae
437 2209 553 2266 minime
567 2227 667 2280 capam
687 2208 848 2265 Taschuclre
861 2210 883 2266 t.
897 2209 910 2262 Ι
922 2227 951 2278 p.
960 2207 1073 2263 XXXV.

57 2279 162 2335 Melam
181 2278 309 2335 Sallustii
331 2279 504 2336 imitatorem
526 2280 613 2337 luisse
637 2280 710 2336 vidit
726 2281 758 2336 1⁴¹.
776 2278 868 2351 Vogel
887 2279 918 2334 in
936 2279 1007 2334 actis
1026 2279 1073 2334 Se·

57 2349 171 2405 minarii
184 2347 354 2420 Philologici
367 2350 547 2422 Erlangensis
563 2358 631 2408 1818
644 2369 672 2421 p.
688 2357 749 2418 811,
768 2352 818 2406 sed
835 2367 967 2406 numerus
981 2366 1073 2405 exem·

57 2423 183 2492 plorum,
201 2420 303 2490 quibus
318 2437 482 2477 consensum
496 2423 642 2493 uti-iusque
656 2422 798 2492 scriptoris
812 2421 1001 2477 demonstrare
1016 2423 1073 2474 slu-

58 2493 132 2618 111115
159 2491 252 2547 multo
280 2492 494 2563 amplificandus
521 2496 572 2551 est.
615 2495 679 2549 Non
706 2491 841 2547 absonum
863 2491 975 2546 videtur
997 2491 1073 2546 locos

58 2581 90 2618 oo
124 2579 204 2632 gere:

254 2653 343 2706 Mela
745 2654 920 2706 Sallustius

57 2741 85 2796 ΙΙ
104 2745 137 2794 81
156 2739 234 2795 lacus
253 2771 287 2780 -
306 2740 398 2797 tenuis
417 2740 497 2796 aditu
592 2744 613 2797 1.
629 2748 671 2811 91,
687 2747 702 2797 1
716 2741 795 2797 locus
807 2772 840 2781 -
855 2739 935 2795 aditu
949 2738 1072 2794 difficilis

57 2814 70 2867 Ι
89 2817 123 2866 11
142 2810 245 2866 intima
264 2810 376 2866 aedium
594 2810 712 2883 (11111
732 2812 830 2867 abdita
847 2827 914 2881 pars
932 2810 1045 2866 aedium

57 2883 119 2937 134
137 2882 279 2953 Carthago
293 2881 414 2937 Romani
427 2881 540 2955 imperii
594 2883 622 2939 O.
640 2889 712 2953 10,1
733 2883 883 2952 Carthago,
902 2882 1014 2938 aemula
1031 2881 1073 2935 in·

92 2952 224 3023 pertinax
243 2953 355 3008 aemula
629 2954 691 3025 peri
709 2953 829 3010 Romani

58 3023 84 3078 11
99 3029 133 3078 92
154 3022 310 3094 Saguntum
323 3023 378 3079 fids
392 3025 478 3094 atque
493 3042 539 3081 ae·
593 3024 627 3080 H.
647 3025 674 3079 lI
692 3032 725 3080 21
745 3025 779 3082 D.
799 3023 950 3095 Saguntini
962 3023 1017 3078 fide
1031 3025 1073 3079 at

92 3094 201 3150 rumnie
217 3094 327 3150 incluta
629 3112 683 3166 que
701 3095 843 3152 aerumnis
861 3094 962 3150 incluti

57 3165 70 3218 1
94 3171 145 3221 115
174 3165 279 3221 Tanais
301 3196 335 3206 -
363 3168 457 3222 aestus
479 3166 538 3222 hie·
592 3167 614 3222 I.
634 3172 678 3236 81,
696 3174 730 3223 83
748 3168 871 3222 hiemem
890 3167 919 3220 et
936 3165 1074 3221 aestatem

92 3253 222 3306 memque
240 3235 322 3291 iuxta
338 3235 431 3292 ferens
628 3237 708 3293 iuxta
725 3237 787 3309 pati

56 3308 83 3361 II
102 3314 135 3364 86
154 3306 272 3378 penuria
290 3323 426 3376 aquamm
592 3311 613 3364 I.
634 3316 677 3380 11,
696 3314 712 3363 ὅ
730 3309 866 3380 paenuria
883 3323 1020 3376 aquarum

56 3378 69 3434 I
90 3383 140 3434 106
160 3377 252 3449 asperi
269 3377 371 3434 inculti

56 3449 97 3505 Ill
115 3455 150 3505 28
169 3448 263 3519 asperi
280 3447 436 3519 incultique

593 3416 614 3470 I.
635 3419 677 3484 18,
697 3421 711 3468 1
731 3414 824 3486 asperi
841 3412 996 3481 incultique
