2424 3908
303 208 483 264 cflouoult.
503 209 530 264 11
550 216 573 264 1.
593 208 739 281 ate-1⁷)
985 213 1027 278 31

30 371 127 456 pulas
160 371 241 455 quot
277 370 413 455 quisque
445 371 646 437 interfecerit
683 371 865 461 laetissima
899 377 933 438 et
966 375 1029 441 fre

30 459 227 543 uentissima
257 459 394 543 mentio,
430 459 578 544 binisque
612 460 738 545 poculis
776 460 832 545 qui
867 462 1028 547 plurimos

30 547 171 613 ettulere
201 550 386 631 perpotant.
436 548 465 613 is
496 547 582 613 inter
608 549 746 614 iocantis
773 547 878 616 honos
906 552 1028 634 praeci·

31 658 95 700 uus
120 639 179 700 est
224 636 342 718 pocula
363 638 402 700 ut
422 633 607 702 Essedones
628 638 828 722 parentium,
850 637 899 703 ita
921 639 1028 703 inimi-

30 725 219 790 issimorum
236 724 398 807 capitibus
418 724 594 808 expoliunt.
627 725 712 809 apud
726 725 1028 812 Anthropophagos
1047 742 1083 792 14

30 834 104 896 psae
137 813 235 877 etiam
269 813 383 895 epulae
420 812 597 878 visceribus
630 812 783 879 humanis
820 819 1028 899 apparantur.

30 901 129 966 ¹reloui
151 900 297 964 hostium
320 900 447 965 cutibus
471 921 570 984 equos
593 922 691 985 seque
713 902 834 986 velant,
855 902 931 967 illos
953 904 1027 969 reli·

30 991 66 1072 ui
95 989 256 1071 corporis,
283 1008 318 1052 se
347 989 499 1071 capitum.
543 988 799 1054 Melanchlaenis
827 993 899 1055 atra
925 992 1027 1056 restis

30 1082 45 1142 t
68 1098 107 1141 ex
132 1097 325 1159 cenoman,
351 1075 472 1141 Neuris
495 1080 617 1141 statum
647 1077 785 1162 singulis
813 1080 942 1161 tempus
968 1082 1028 1164 est,

30 1187 75 1231 uo
104 1166 133 1229 si
160 1164 262 1229 velint
288 1164 324 1227 in
351 1164 460 1248 lupos,
492 1165 674 1249 iterumque
701 1165 735 1230 in
768 1186 822 1231 eos
849 1167 906 1249 qui
937 1167 1028 1232 fuere
1091 1186 1093 1189 ’

30 1256 187 1318 intentur.
218 1252 307 1317 Mars
328 1252 473 1317 omnium
491 1253 586 1337 deus3
605 1253 713 1337 cipro
733 1254 917 1320 simulacris
934 1276 1027 1320 enses
1047 1268 1081 1318 15

30 1346 45 1406 t
64 1341 222 1406 cinctoria
240 1340 400 1423 dedicant,
418 1340 628 1426 hominesque
646 1363 707 1425 pro
725 1342 877 1407 victumis
896 1342 1026 1408 feriunt.

30 1451 118 1494 errae
136 1430 203 1493 lete
221 1431 345 1513 patent,
367 1433 400 1492 et
418 1429 459 1494 ob
479 1429 667 1495 excedentia
684 1430 774 1514 ripas
793 1452 867 1495 suas
886 1430 1026 1513 plerum·

30 1539 75 1602 ne
97 1517 232 1582 flumina
258 1538 418 1601 nusquam
440 1538 507 1583 uon
530 1518 571 1582 ad
593 1518 716 1601 pabula
738 1518 877 1601 fertiles,
905 1519 1026 1583 alicubi

30 1627 113 1690 sque
137 1627 174 1671 eo
199 1605 327 1669 steriles
351 1605 392 1671 ad
415 1609 530 1690 cetera,
552 1610 589 1671 ut
612 1607 668 1691 qui
686 1606 838 1672 habitant
861 1605 1026 1691 lignorum

30 1697 145 1779 gentes
169 1695 261 1778 ignes
285 1693 413 1758 ossibus
437 1694 536 1759 alant

100 1781 162 1846 His
181 1781 322 1846 Thracia
344 1782 493 1865 proxima
515 1785 575 1864 est,
598 1803 699 1866 eaque
723 1782 891 1847 aPontioi
912 1782 1025 1847 lateris
1044 1760 1080 1886 ᾗ

30 1874 120 1935 route
147 1890 249 1953 usque
277 1870 312 1933 in
334 1868 467 1954 Illyrios
494 1871 626 1953 penitus
654 1870 803 1951 inmissa,
830 1890 895 1952 qua
921 1870 1027 1934 latera

30 1959 86 2043 git
110 1956 224 2023 Histro
252 1958 435 2042 pelagoque
462 1954 671 2043 contingitur.
720 1958 812 2041 regio
843 1978 904 2021 nec
936 1957 1025 2022 caelo

30 2051 100 2112 aeta
116 2067 175 2111 nec
194 2046 274 2128 solo,
298 2052 331 2110 et
348 2047 414 2110 nisi
433 2067 497 2130 qua
514 2047 598 2111 mari
616 2045 750 2130 propior
769 2049 828 2129 est,
845 2044 1027 2130 infecunda,

30 2134 147 2218 rigida,
180 2152 354 2217 eorumque
382 2155 464 2217 quae
492 2137 644 2222 seruntur
675 2134 820 2218 maligne
852 2133 1026 2198 admodum

30 2223 156 2306 atiena,
182 2244 256 2287 raro
280 2243 417 2305 usquam
439 2221 630 2305 pomiferam
654 2223 818 2304 arborem,
840 2223 941 2286 ritem
964 2221 1026 2285 fre-

30 2311 166 2395 ¹uentius
189 2311 321 2376 tolerat:
346 2310 401 2374 sed
418 2331 478 2375 neo
502 2310 570 2375 eius
589 2311 719 2394 quidem
739 2310 865 2375 fruetus
884 2312 1027 2374 maturat

31 2421 49 2463 c
83 2399 231 2484 mitigat,
267 2399 332 2463 nisi
363 2399 421 2463 ubi
452 2398 576 2484 frigora
607 2399 738 2463 obiectu
769 2397 934 2462 frondium
962 2397 1027 2461 eul-

30 2509 100 2552 ores
124 2506 263 2552 arcuere.
308 2487 397 2551 viros
424 2485 597 2571 benignius
625 2486 700 2570 alit,
726 2505 794 2548 non
817 2484 858 2548 ad
886 2484 1026 2567 speciem

30 2597 141 2653 amen,
176 2596 254 2639 nam
288 2580 322 2640 et
357 2575 425 2640 illis
461 2596 556 2658 asper
591 2578 688 2656 atque
724 2572 875 2636 indecens
914 2592 1026 2655 corpo·

30 2684 83 2728 um
111 2662 243 2727 habitus
272 2667 334 2748 est,
365 2666 509 2727 ceterum
541 2662 582 2726 ad
604 2660 759 2727 ferociam
788 2663 821 2724 εὴ
847 2680 1027 2744 numerum

30 2758 49 2816 t
85 2752 183 2816 multi
218 2751 425 2834 immitesque
462 2753 537 2814 sunt
573 2750 713 2815 maxime
748 2748 864 2813 ferax(
906 2770 1026 2832 paucos
1047 2763 1078 2813 17

30 2861 220 2992 {trib
237 2839 625 3011 restruatur}
648 2859 779 2990 litt.
798 2836 1027 2989 witredi?

30 3063 225 3070 ———-——.--

84 3126 107 3173 1.
123 3119 193 3187 quot
206 3118 247 3171 A¹
265 3133 334 3173 corr.
388 3116 563 3171 interfecerit
581 3115 683 3171 referre
701 3117 729 3170 A
748 3115 851 3197 referre
870 3116 955 3170 deleat

30 3234 35 3245 .
55 3190 208 3258 perpotant
221 3188 262 3241 A¹
280 3188 414 3257 perpotet
421 3187 468 3290 1Α2
522 3185 703 3312 loealnltisessrq1
708 3186 828 3312 ippqnbs
838 3201 952 3310 18?quch
953 3256 983 3307 to
984 3191 1027 3306 naa

30 3259 198 3384 pcfflppfida
219 3346 240 3384 cc
259 3264 284 3314 δ’
299 3257 416 3384 app-de}
435 3275 512 3396 osdra
528 3329 556 3382 A
579 3298 667 3395 eaque
689 3345 706 3383 u
782 3333 824 3380 20.
847 3292 977 3393 proprior
998 3324 1027 3376 A

82 3408 125 3455 23.
144 3400 268 3454 tolerant
285 3400 313 3453 A
385 3406 428 3454 25,
447 3415 563 3468 arguere
582 3399 610 3452 A
682 3404 724 3452 30.
743 3396 861 3450 hebrum
876 3398 909 3450 et
925 3393 1028 3448 nestun

30 3473 155 3542 trymona
173 3471 201 3524 A
214 3470 339 3524 Hebrum
357 3471 387 3524 et
404 3469 513 3523 Neston
532 3471 562 3523 et
580 3468 764 3536 Strymonao
