2424 3908
327 197 510 253 elicroca.
529 197 543 252 1
562 204 603 253 11.
624 205 666 254 ra.
686 203 719 254 ra
739 199 866 267 (oa-aq
1064 195 1104 261 l‘l

86 360 198 445 tisque
218 359 312 425 Darii
335 363 500 444 spectator
524 382 561 426 ac
582 361 687 444 testis,
708 381 794 425 nunc
816 381 857 425 ne
879 359 1015 426 minima
1037 362 1105 445 qui-

88 449 173 531 dem,
196 453 276 514 tunc
294 449 422 533 ingenti
444 449 523 513 urbe
542 448 688 514 celebria
731 447 820 513 Issos
838 447 914 532 fuit,
936 452 971 513 et
988 448 1051 514 hae
1068 471 1104 514 re

90 537 183 603 sinus
201 535 322 602 Issicus
341 535 469 602 dicitur.
505 538 618 621 procul
642 537 716 601 inde
734 534 934 602 Hammodes
953 558 1104 621 promun-

66 625 213 691 turium
234 625 321 690 inter
337 624 516 708 Pyramum
535 622 748 709 Cydnumque
766 624 882 690 fluvios
901 625 995 690 iacet.
1041 625 1102 707 Py·

54 729 198 779 ⁶ramus
221 712 292 778 Isso
315 713 449 798 propior
470 712 596 777 Mallon
618 712 832 797 praeterfluit,
859 711 993 797 cydnus
1016 713 1103 779 ultra

86 823 147 885 per
174 799 313 866 Tarsum
341 800 417 866 exit.
468 799 584 866 deinde
615 801 695 866 urbs
727 804 778 866 est
809 801 889 866 olim
918 824 938 867 a
965 801 1102 867 Rhodiis
1122 816 1155 865 τι

86 888 298 973 Argitisque,
319 893 397 971 post
413 888 530 972 piratis
549 890 706 972 Pompeio
730 889 923 972 adsignante
942 911 1103 974 possessa,

86 998 173 1042 nunc
191 976 435 1060 Pompeiopolis
454 980 532 1041 tunc
550 975 657 1043 Soloe.
694 976 787 1042 iuxta
804 977 839 1041 in
856 997 958 1060 parvo
977 977 1102 1043 tumulo

87 1064 185 1129 Arati
211 1069 328 1149 poetae
356 1064 592 1130 monimentum
614 1065 687 1130 ideo
711 1064 928 1148 referendum,
956 1066 1032 1149 quia
1054 1066 1103 1150 ig-

45 1171 72 1210 10
86 1155 202 1218 notum
230 1175 328 1236 quam
355 1153 396 1217 ob
425 1174 556 1218 causam
583 1154 670 1218 iacta
697 1152 793 1218 inid
823 1175 902 1217 saxa
929 1152 1103 1220 dissiliunt

87 1262 156 1306 non
180 1241 279 1325 longe
306 1240 382 1305 hinc
409 1237 552 1325 Corycos
581 1241 736 1325 oppidum
766 1245 864 1324 portu
891 1241 1024 1326 soloque
1055 1241 1103 1306 in·

87 1330 244 1412 cingitur,
272 1333 411 1413 angusto
435 1333 564 1412 tergore
588 1329 766 1395 continenti
793 1328 961 1394 adnexum.
1007 1351 1104 1413 supra
1123 1343 1157 1392 '12

88 1437 203 1501 specus
222 1420 273 1482 est
291 1417 421 1481 nomine
436 1415 592 1501 Corycius
611 1417 771 1502 singulari
789 1418 930 1501 ingenio,
950 1439 987 1482 ac
1007 1439 1104 1501 supra

87 1526 187 1590 quam
204 1509 242 1571 ut
259 1505 397 1570 describi
415 1506 511 1571 facile
525 1506 631 1588 possit
650 1505 796 1569 eximius.
829 1505 945 1589 grandi
963 1526 1102 1587 namque

46 1609 73 1650 1⁵
86 1593 182 1658 hiatu
209 1597 325 1677 patens
348 1596 493 1659 montem
520 1594 610 1658 litori
633 1593 821 1677 adpositum
845 1596 878 1657 et
906 1592 1017 1657 decem
1040 1596 1103 1657 sta

87 1680 218 1746 diorum
246 1681 328 1747 clivo
358 1681 439 1746 satis
462 1682 597 1746 arduum
626 1703 665 1745 ex
688 1703 815 1746 summo
843 1681 955 1746 statim
983 1681 1103 1744 vertice

88 1770 204 1853 aperit.
249 1773 328 1834 tunc
346 1770 411 1835 alte
431 1769 590 1835 demissus
609 1773 642 1834 ct
662 1774 820 1853 quantum
838 1769 1020 1833 demittitur
1038 1791 1104 1832 arn·

87 1858 176 1941 plior
201 1858 286 1922 viret
315 1858 398 1922 lucis
430 1857 646 1940 pendentibus
678 1857 833 1940 undique,
867 1858 900 1920 ct
930 1859 1037 1920 totum
1069 1877 1104 1921 se

86 1966 262 2010 nemoroso
294 1945 434 2010 laterum
463 1945 542 2011 orbe
574 1945 802 2028 conplectitur:
835 1944 915 2009 adeo
948 1943 1103 2008 mirificus

44 2050 74 2090 2⁰
89 2055 128 2098 ac
145 2032 290 2117 pulcher,
309 2036 346 2097 ut
364 2038 488 2099 mentes
509 2033 731 2098 accedentium
750 2033 857 2116 primo
877 2035 1010 2116 aspectu
1030 2052 1103 2097 oon-

88 2125 223 2206 sternat,
246 2121 303 2187 ubi
322 2122 535 2205 contemplari
555 2121 711 2186 duravere
729 2142 796 2186 non
815 2121 921 2186 satiet.
966 2143 1049 2185 unus
1068 2122 1103 2185 in
1123 2135 1157 2184 *13

88 2231 163 2274 eum
192 2209 364 2275 descensus
394 2213 443 2275 est
470 2212 627 2295 angustus
661 2230 755 2293 asper
787 2210 1040 2295 quingentorum
1070 2213 1103 2274 et

87 2298 178 2362 millo
206 2319 362 2381 passuum
389 2320 447 2381 per
475 2320 628 2364 amoenas
655 2298 789 2362 umbras
818 2300 851 2362 et
873 2318 974 2382 opaca
1001 2297 1102 2362 silvae

87 2384 243 2469 quiddam
276 2390 406 2471 agreste
435 2387 632 2465 resonantis,
664 2386 745 2451 rivis
776 2385 852 2451 hinc
884 2389 981 2469 atque
1013 2386 1102 2450 illinc

46 2485 73 2528 2⁶
87 2473 302 2538 fluitantibus.
342 2474 398 2539 ubi
417 2473 458 2538 ad
475 2475 543 2539 ima
561 2476 752 2556 perventum
772 2478 822 2538 est
838 2494 969 2537 rursum
988 2494 1101 2555 specus

87 2561 172 2626 altar
204 2561 348 2646 aperitur
375 2563 416 2627 ob
445 2562 511 2625 alia
539 2562 702 2626 dicendus.
751 2563 854 2625 terret
884 2560 1101 2642 ingredientes
1189 2575 1192 2584 ‘

88 2650 199 2714 sonitu
222 2649 448 2732 cymbalorum
471 2649 625 2715 divinitus
650 2652 683 2714 et
705 2669 824 2733 magno
847 2649 977 2733 fragore
1000 2649 1102 2732 crepi-

86 2738 238 2802 tantium.
283 2738 397 2802 deinde
424 2738 623 2821 aliquamdiu
646 2737 848 2822 perspicuus,
874 2759 950 2802 mox
978 2741 1011 2801 et
1038 2758 1102 2821 quo
1122 2749 1157 2800 ‘14

89 2826 196 2909 magis
221 2825 348 2890 subitur
370 2826 549 2910 obscurior,
573 2825 662 2890 ducit
685 2846 781 2891 ausos
804 2827 948 2910 penitus,
974 2826 1103 2909 alteque

48 2926 76 2967 ³⁰
91 2914 184 2998 quasi
217 2914 364 2979 cuniculo
397 2914 552 2978 admittit.
605 2914 653 2978 ibi
689 2914 803 2998 ingens
836 2914 939 2978 amnis
977 2914 1104 2998 ingenti

90 3000 181 3067 fonte
211 3024 245 3067 se
279 3002 437 3067 extollens
470 3002 694 3068 tantummodo
727 3023 762 3067 se
791 3002 948 3085 ostendit,
982 3006 1015 3065 et
1047 3002 1103 3067 ubi

160 3181 187 3231 5.
205 3174 285 3245 prior
302 3175 330 3228 A
347 3173 463 3256 propior
479 3191 496 3228 v
550 3175 713 3229 malesanen
730 3175 772 3229 A¹
795 3174 920 3229 malosen
938 3176 979 3228 Aa
995 3174 1103 3228 Mallon

88 3245 238 3302 Barbarus
301 3251 324 3302 7.
344 3244 510 3314 adsignante
530 3245 572 3298 Α1
590 3245 752 3314 assignante
771 3245 811 3298 Αἱ
880 3250 921 3300 15.
941 3244 1103 3314 adpositum

89 3316 131 3369 A²
148 3317 312 3398 appositum
329 3315 371 3370 A’
425 3321 466 3370 17.
486 3313 619 3368 dimissus
638 3317 665 3369 A
684 3315 853 3370 demissuso
908 3314 1061 3368 dimittitur
1075 3315 1103 3368 A

89 3385 249 3442 demittitur
270 3405 288 3442 o
366 3391 407 3440 19.
430 3401 577 3440 nemoroso
600 3387 640 3440 A¹
663 3403 731 3442 corr.
808 3391 852 3440 24.
875 3383 936 3439 illic
959 3385 1000 3439 A¹
1021 3384 1102 3438 illinc

89 3456 131 3510 A¹
203 3463 245 3512 28.
265 3454 438 3525 aliquamdiu
456 3457 497 3510 A¹
516 3455 682 3525 aliquandiu
699 3456 740 3511 A²
812 3462 855 3510 31.
874 3454 966 3510 fronte
985 3455 1013 3509 A

142 3554 283 3606 Pomponius
296 3553 363 3595 Mela.
922 3549 943 3596 (ζ
