2424 3908
120 218 164 283 22
464 215 642 274 POMPONII
659 216 784 272 MELAE

64 397 98 446 aa
118 381 221 446 latere
255 380 467 448 Antandrum.
522 379 639 461 duplex
671 399 768 444 causa
802 378 944 444 nominis
981 379 1132 444 iactatur.

118 469 175 534 alii
192 467 370 553 Ascanium
388 468 518 534 Aeneae
541 467 644 532 filium
667 487 740 533 cum
757 466 805 532 ibi
828 469 981 552 regnaret
998 470 1132 550 captum

117 578 138 622 a
168 557 316 641 Pelasgis
349 578 387 622 ea
419 577 454 621 sa
484 554 659 621 redemisse
691 559 961 636 commemorant,
998 555 1058 621 alii
1090 556 1131 620 ab

116 644 169 709 his
201 647 319 727 putant
350 643 514 709 conditam
546 664 628 727 quos
660 665 698 708 ex
729 643 842 708 Andro
874 643 982 708 insula
1013 644 1065 709 ris
1098 649 1132 709 et

117 732 234 797 seditio
267 735 426 816 exegerat.
480 731 517 796 hi
547 730 753 798 Antandrum
788 731 880 815 quasi
916 752 975 815 pro
1007 730 1167 816 Andrus

63 837 97 885 93
116 820 168 885 illi
205 821 299 905 quasi
329 841 389 904 pro
421 821 491 886 viro
524 818 626 904 accipi
661 819 784 885 volunt.
834 840 970 903 sequens
1006 822 1132 885 tractus

115 908 225 993 tangit
257 907 403 994 Gargara
435 912 469 972 et
501 908 610 973 Asson
640 906 817 973 Aeolorum
853 907 1006 973 colonias.
1060 910 1133 973 tum

115 997 205 1062 sinus
233 997 317 1062 alter
344 995 499 1063 Achaeon
527 996 627 1062 limen
653 1017 720 1060 non
746 996 844 1079 longe
872 996 913 1060 ab
940 995 1002 1060 Ilio
1030 996 1132 1060 litora

115 1086 277 1168 incurvat,'
292 1086 372 1150 urbe
390 1085 478 1150 bello
499 1083 685 1167 excidioque
704 1083 892 1148 clarissima.
927 1082 981 1147 hic
996 1081 1131 1168 Sigeum

114 1172 178 1237 fuit
205 1172 372 1256 oppidum,
398 1172 452 1236 hic
479 1172 680 1236 Achivorum
708 1170 772 1236 fuit
798 1170 991 1235 bellantium
1018 1173 1130 1238 statio.
1146 1189 1168 1228 tl

115 1260 178 1324 huc
214 1261 255 1324 ab
292 1260 389 1324 Idaeo
421 1263 533 1324 monte
569 1259 727 1323 demissus
760 1257 955 1325 Scamander
992 1260 1060 1324 exit
1098 1265 1132 1325 et

63 1363 97 1412 94
117 1345 252 1430 Simois,
287 1348 377 1413 fama
413 1368 511 1431 quam
547 1350 666 1412 natura
701 1346 826 1413 maiora
861 1346 1005 1411 flumina.
1059 1347 1131 1430 ipse

115 1458 224 1514 mons,
261 1440 370 1501 vetere
402 1434 550 1500 divarum
582 1434 771 1504 certamine,
788 1438 821 1498 et
851 1435 969 1500 iudicio
1002 1434 1130 1501 Paridis

115 1527 322 1605 memoratus,
346 1523 506 1589 orientem
525 1523 627 1589 solem
647 1522 742 1587 aliter
766 1543 863 1606 quam
881 1523 917 1587 in
939 1522 1012 1587 aliis
1030 1523 1130 1588 terris

116 1613 199 1677 solet
222 1612 325 1698 aspici
348 1614 502 1677 ostentat.
547 1632 686 1695 namque
709 1632 748 1675 ex
771 1632 897 1677 summo
919 1610 1039 1676 vertice
1059 1611 1129 1676 eius
1144 1625 1166 1667 1⁵

115 1699 357 1785 speculantibus
375 1721 477 1783 paene
496 1721 516 1764 a
534 1699 642 1764 media
659 1703 753 1765 nocte
772 1699 877 1782 sparsi
895 1699 988 1782 ignes
1006 1699 1132 1783 passim

114 1787 248 1871 micare,
275 1792 309 1853 ct
336 1792 373 1852 ut
399 1788 455 1853 lux
482 1787 724 1872 adpropinquat
746 1787 794 1852 ita
822 1787 908 1851 coire
937 1808 974 1852 ac
997 1808 1032 1852 se
1055 1808 1130 1853 con-

114 1876 247 1962 iungere
270 1876 433 1958 videntur,
457 1875 558 1941 donec
580 1876 686 1960 magis
709 1875 878 1959 magisque
901 1875 1029 1939 collecti
1054 1897 1132 1958 pau·

116 1964 217 2029 ciores
243 1964 378 2030 subinde
402 1968 435 2029 et
457 1986 522 2028 una
545 1963 585 2028 ad
607 1966 808 2047 postremum
831 1963 963 2028 flamma
985 1963 1131 2028 ardeant.

61 2064 95 2114 so
114 2073 153 2115 ea
180 2074 252 2116 cum
281 2053 344 2117 diu⁴
362 2053 451 2116 clara
484 2055 517 2116 et
543 2051 693 2116 incendio
721 2051 838 2115 similis
870 2051 1005 2134 effulsit,
1038 2052 1129 2135 cogit
1142 2065 1167 2106 ¹⁰

114 2160 149 2204 se
177 2160 214 2202 ac
241 2141 395 2204 rotundat
423 2143 457 2203 et
482 2139 521 2203 fit
548 2139 662 2222 ingens
690 2139 815 2223 globus.
862 2139 973 2203 diuis
1001 2160 1129 2223 quoque

114 2225 247 2310 grandis
285 2231 318 2291 et
353 2228 449 2291 terris
486 2226 629 2291 adnexus
666 2225 818 2310 adparet,
859 2227 932 2292 dein
969 2227 1131 2310 paulatim

114 2313 299 2379 decrescens
330 2318 363 2379 et
390 2316 511 2399 quanto
540 2314 696 2379 decrescit
722 2335 760 2380 co
794 2313 913 2379 clarior
944 2314 1041 2400 fugat
1072 2337 1130 2380 no·

114 2402 247 2467 sissima
268 2405 413 2486 noctem,
436 2406 565 2468 etcum
588 2402 640 2467 die
663 2402 730 2466 iam
753 2403 802 2468 sol
825 2401 931 2467 factus
955 2403 1130 2469 attollitur.

62 2506 95 2554 96
116 2493 207 2555 extra
226 2491 334 2555 sinum
352 2495 428 2556 sunt
445 2489 593 2557 Rhoetea
611 2489 718 2574 litora,
739 2489 885 2556 Rhoeteo
909 2494 944 2556 et
961 2490 1129 2557 Dardania
1141 2503 1166 2546 ’ὅ

115 2579 211 2644 claris
247 2578 400 2662 urbibus,
435 2576 548 2644 Aiacis
584 2581 694 2643 tamen
730 2578 876 2662 sepulcro
909 2580 1049 2644 maxime
1082 2579 1131 2644 in·

114 2666 238 2731 lustris.
280 2666 321 2730 ab
344 2665 399 2739 his
419 2667 457 2730 fit
480 2667 581 2731 artius
605 2687 704 2750 mare,
725 2667 869 2731 nectam
893 2666 996 2732 adluit
1015 2672 1131 2752 terras,

115 2753 171 2818 sed
200 2775 311 2820 rursus
345 2753 491 2818 dividens
523 2759 662 2839 angusto
693 2753 900 2838 Hellesponti
930 2755 1017 2820 freto
1049 2756 1130 2820 litus

115 2840 249 2993 {rbvium
284 2841 394 2925 findit,
430 2841 573 2926 facitque
604 2845 641 2908 ut
673 2843 792 2907 iterum
822 2845 928 2907 terrae
960 2865 1025 2928 qua
1057 2844 1131 2909 fluit

129 2933 220 2995 atera
243 2929 317 2994 sint.
1143 2943 1169 2986 ro

188 3126 212 3178 7.
232 3120 374 3195 asson<a>
394 3121 422 3176 A
439 3121 533 3177 Asson
549 3121 696 3177 Barbarae
749 3121 894 3175 aeolorum
911 3120 953 3174 Αι
970 3121 1130 3177 aetolorum

114 3188 156 3244 A²
228 3197 253 3246 9.
273 3190 399 3261 sigaeum
418 3194 445 3248 A
517 3198 560 3248 17.
575 3190 782 3262 adpropinquat
800 3191 841 3244 A¹
859 3191 1069 3272 appropinquat
1087 3192 1131 3246 A·

168 3267 211 3316 22.
226 3261 343 3332 adparet
358 3264 398 3318 A¹
416 3264 535 3333 apparet
553 3261 595 3316 Α·
647 3267 689 3317 25.
709 3260 847 3384 rhoffletea
859 3262 946 3316 htora
958 3263 996 3334 a)
1010 3262 1129 3330 rhytaeo

114 3333 142 3386 A
160 3334 276 3402 (litterae
299 3335 332 3389 ia
348 3351 403 3390 raa.
422 3335 474 3401 11⁸)
494 3331 621 3388 Rhoetea
643 3331 729 3386 litora
746 3331 772 3384 R
793 3332 874 3388 oeteo
893 3333 1058 3389 Rctacldtae

115 3408 157 3459 26.
178 3403 327 3473 sepulchro
345 3403 387 3458 A¹
405 3403 533 3506 sepulcro
552 3401 594 3457 A*
664 3409 707 3459 26.
728 3408 770 3457 27.
789 3402 920 3457 inlustria
941 3404 983 3457 A¹
1004 3402 1132 3458 illustria

100 3473 156 3526 rr*
227 3473 427 3528 27.ad1uitA
459 3472 543 3527 alluit
559 3472 602 3526 A*
673 3479 715 3531 30.
735 3472 1012 3529 alteraAlaterac
