2424 3908
144 209 188 273 40
492 205 672 264 POMPONII
689 206 816 262 MELAE

144 371 290 436 Taenaro
322 367 468 453 Neptuni
497 370 658 454 templum
687 376 721 433 et
752 389 884 452 specus,
916 368 967 433 illi
997 388 1098 452 quem
1127 368 1160 433 in

144 458 250 523 Ponto
281 457 499 523 Acherusium
535 457 677 522 diximus
707 455 790 522 facie
823 459 856 520 et
886 454 997 521 fabula
1035 456 1160 542 similis,

143 547 178 612 in
200 545 342 611 Asinaeo
371 545 490 612 flumen
517 545 702 630 Pamisum,
727 545 763 609 in
789 542 976 628 Cyparissio
1003 543 1159 628 Alpheus.

143 650 263 700 nomen
286 632 375 700 dedit
396 636 475 700 urbs
497 634 533 699 in
555 633 652 699 litora
675 634 752 717 sita,
778 632 854 698 huic
877 630 1086 718 Cyparissos,
1112 632 1160 698 illi

92 743 125 794 aa
146 723 255 787 Asine.
300 721 456 787 Messenii
474 721 624 807 Pyliique
642 726 749 788 terras
767 722 878 787 colunt
900 724 934 786 et
951 721 1025 805 ipsa
1042 721 1179 806 pelagos

144 810 244 894 Pylos
268 811 402 877 adiacet.
446 808 590 895 Cyllene,
612 808 793 895 Callipolis,
815 808 935 875 Patrae
953 830 1047 875 oram
1069 809 1159 876 illam

144 903 256 964 tenent
279 900 313 964 in
336 921 433 984 quam
458 897 652 965 Chelonates
681 902 715 964 et
735 898 865 965 Araxos
887 901 1079 982 excurrunt,
1106 898 1159 964 sed

144 984 278 1072 Cyllene
310 988 397 1072 quod
428 988 625 1054 Mercurium
656 987 705 1052 ibi
735 991 850 1052 natum
882 986 1083 1052 arbitrantur
1115 987 1159 1052 in

144 1075 257 1162 signis.
280 1075 411 1141 ·Rhion
439 1075 568 1161 deinde,
595 1076 695 1140 maris
722 1076 757 1140 id
783 1097 903 1143 nomen
925 1077 990 1160 est,
1019 1081 1157 1160 anguste

144 1167 177 1228 et
191 1165 281 1229 velut
293 1164 379 1230 freto
393 1165 480 1229 latus
496 1185 571 1230 orae
585 1165 749 1246 sequentis
763 1163 908 1229 incidens
922 1163 1010 1228 inter
1018 1162 1157 1229 Aetolos
1168 1183 1189 1225 a

92 1272 125 1321 53
145 1256 178 1317 et
196 1251 490 1336 Peloponnesiacos
507 1274 609 1337 usque
636 1252 678 1317 ad
695 1252 845 1318 Isthmon
864 1252 1031 1336 inrumpit
1069 1252 1105 1317 in
1124 1272 1159 1318 ea

145 1339 187 1404 ad
209 1341 448 1424 septentriones
472 1344 619 1425 spretore
642 1341 742 1406 litora
763 1341 932 1425 incipiunt.
977 1341 1012 1405 in
1034 1340 1088 1405 his
1111 1344 1160 1406 est

144 1429 273 1514 Aegion
296 1432 330 1494 et
351 1429 474 1514 Aegira
496 1432 530 1493 et
552 1427 669 1512 Olyros
692 1433 727 1494 ct
749 1427 878 1513 Sicyon,
902 1434 938 1493 at
959 1429 994 1493 in
1016 1429 1160 1494 adversis

144 1515 268 1602 Pagae,
291 1515 435 1604 Creusis,
457 1517 629 1600 Anticyra,
650 1516 825 1601 Oeanthia,
852 1515 969 1583 Cirrha
996 1520 1030 1582 et
1051 1517 1160 1583 notior

145 1605 313 1689 aliquanto
332 1605 464 1670 nomine
483 1603 631 1689 Calydon
652 1611 686 1670 et
698 1605 833 1671 Eronos
852 1609 944 1670 extra
962 1604 1081 1672 Rhion.
1126 1606 1192 1670 inu

144 1693 331 1760 Acarnania
348 1693 488 1759 maxime
507 1695 596 1760 clara
614 1697 691 1759 sunt
712 1694 868 1778 oppidum
886 1693 1018 1778 Leucas,
1041 1693 1160 1759 flumen

91 1798 125 1850 54
144 1779 317 1847 Achelous.
357 1782 392 1846 in
414 1781 515 1866 Epiro
537 1783 620 1848 nihil
639 1782 817 1849 Ambracio
840 1783 914 1848 sinu
935 1782 1078 1847 nobilius
1103 1787 1160 1848 eat

143 1868 223 1934 facit
246 1870 335 1936 sinus
358 1871 414 1955 qui
436 1871 584 1957 angustis
606 1871 755 1937 faucibus
779 1875 812 1936 et
835 1892 918 1956 quae
941 1871 1048 1936 minus
1071 1870 1161 1936 mille

142 1958 294 2041 passibus
312 1963 446 2042 pateant
459 1960 581 2044 mande
594 1963 730 2044 pelagus
744 1959 901 2042 admittit,
918 1959 1045 2024 ludunt
1062 1960 1159 2025 urbes

143 2068 225 2129 quae
248 2046 409 2113 adsident:
436 2047 582 2132 Actium,
604 2048 688 2132 Argi
710 2047 948 2133 Amphilochii,
974 2047 1193 2132 Ambraciae

142 2134 359 2202 Aeacidarum
394 2136 486 2220 regia
521 2135 709 2221 Pyrrhique.
768 2136 933 2203 Butrcton
974 2137 1064 2201 ultra
1100 2140 1160 2221 est,

144 2223 259 2288 deinde
278 2221 429 2289 Ceraunii
451 2228 596 2309 montes,
619 2224 660 2289 ab
683 2225 736 2289 his
758 2225 859 2290 flexus
881 2224 984 2290 estin
1002 2223 1159 2290 Hadrian

90 2330 124 2381 co
143 2310 205 2376 hoc
233 2332 322 2377 mare
349 2331 470 2395 magno
497 2332 625 2378 recessu
652 2312 786 2378 litorum
809 2318 978 2397 acceptum
1007 2316 1040 2378 et
1067 2317 1159 2379 vaste

143 2399 274 2485 quidem
305 2400 340 2464 in
371 2400 579 2467 latitudinem
608 2404 739 2486 patene,
770 2423 835 2486 qua
866 2405 1016 2487 penetrat
1047 2405 1160 2468 tamen

142 2489 285 2573 vastius,
321 2488 464 2574 Illyricis
499 2508 601 2574 usquc
634 2489 845 2576 Tergestum,
881 2494 989 2556 cetera
1021 2489 1158 2556 Gallicis
1171 2509 1194 2552 a

141 2575 329 2662 Italicisque
356 2579 508 2664 gentibus
536 2579 688 2663 cingitur.
737 2578 893 2644 Partheni
920 2582 953 2644 et
979 2578 1159 2646 Dasaretae

212 2775 238 2822 3.
265 2784 423 2838 panypsum
454 2769 483 2822 A
514 2769 656 2824 Pamisum
693 2771 806 2826 Vossius
890 2777 915 2825 4.
954 2770 1099 2841 cyparisso
1131 2771 1160 2825 A

19 2836 23 2853 ⁸
143 2837 304 2910 Cyparissos
331 2841 431 2909 scepei
506 2845 531 2894 5.
559 2839 680 2895 massoni
707 2841 735 2896 A
812 2847 836 2896 6.
865 2839 975 2911 patriae
1003 2842 1031 2895 A
1057 2841 1159 2897 Patrae

140 2927 157 2966 o
225 2917 250 2966 9.
268 2907 358 2980 phion
376 2911 404 2964 A
422 2908 517 2969 Rhion
533 2927 554 2965 o
627 2918 667 2967 10.
688 2912 815 2982 sequenti
834 2914 861 2966 A
881 2928 911 2967 se
931 2911 1024 2966 uentis
1044 2912 1159 2969 Vossius

196 2989 237 3036 11.
257 2979 395 3051 inrumpit
411 2981 453 3035 A¹
471 2980 603 3051 irrumpit
620 2981 661 3037 A²
716 2989 758 3038 13.
778 2981 858 3037 scion
875 2983 903 3036 A
941 2982 1061 3051 icyonc
1117 2990 1159 3039 14.

142 3053 234 3108 ohirra
247 3051 275 3105 A
348 3057 389 3107 15.
410 3050 551 3121 chalydon
564 3053 592 3106 A
665 3059 706 3109 11.
726 3053 909 3178 ε<ἰυιι>ἑὶιιιι
927 3055 991 3109 cdd.
1010 3053 1061 3123 Al)
1077 3055 1106 3108 A

142 3121 478 3274 auscultes
497 3124 938 3266 tenerrimum
951 3125 1160 3278 streuui

141 3264 305 3346 ambraohra
323 3265 351 3319 A
422 3271 465 3324 11.
482 3281 572 3336 regna
589 3267 617 3321 A
639 3267 719 3338 regia
741 3267 893 3323 Pincianus
963 3272 1007 3321 22.
1027 3267 1162 3339 oeraumsl

140 3336 168 3390 A
221 3335 338 3390 flexibus
353 3335 481 3392 Afiexns
496 3338 677 3394 estBuraian
730 3343 773 3393 21.
787 3337 958 3421 magnumA
971 3352 1106 3408 magron

140 3412 182 3462 15.
206 3408 377 3477 tergrestum
395 3409 423 3462 A
493 3415 537 3468 26.
556 3409 688 3478 italisque
706 3409 735 3463 A
753 3406 955 3477 Italicrsiyueo
1015 3406 1159 3478 parthenii

139 3477 168 3532 A
185 3476 321 3533 Partheni
341 3478 495 3536 Pinianus
