2424 3908
142 195 186 260 50
489 191 667 253 POMPONlI
685 194 810 250 MELAE

81 361 176 425 100in
203 359 401 443 Propontide
428 363 558 425 tantum
588 357 810 423 Proconnesos
839 356 1018 422 habitatur.
1070 359 1162 421 extra

141 447 393 532 Hellespontum
412 468 524 513 earum
539 468 620 530 quae
634 445 790 511 Asiaticis
810 446 996 530 regionibus
1011 443 1161 510 adiacent

143 537 343 604 clarissimae
372 539 448 601 sunt
470 535 617 601 Tenedos
641 532 745 620 Sigeis
773 534 908 599 adversa
933 533 1101 618 litoribus,
1129 537 1161 598 et

143 647 206 711 quo
235 624 381 689 dicentur
409 623 522 690 ordine
550 623 591 688 ad
617 622 879 707 promunturium
909 621 1009 686 Tauri
1037 621 1159 687 montis
1204 626 1207 663 ¹

143 713 309 796 expositae
338 734 417 797 quas
450 712 583 797 quidam
613 712 675 777 dici
702 716 862 794 putavere
889 710 1059 795 Macaron,
1091 710 1181 776 sivos

144 800 230 885 quod
267 801 426 866 fortunati
463 799 637 866 admodum
673 801 755 865 caeli
792 800 919 884 solique
956 803 1051 882 sunt,
1094 799 1160 864 sive

144 889 230 974 quod
264 910 318 953 eas
349 912 409 955 suo
437 910 631 972 suorumque
662 909 763 972 regno
790 886 902 953 Macar
933 890 1162 971 occupaverat3

83 977 179 1044 101in
203 977 329 1042 Troade
352 977 476 1043 Lesbos
504 981 537 1042 et
563 977 598 1041 in
622 999 660 1043 ea
684 977 824 1061 quinque
848 976 926 1041 olim
950 975 1072 1060 oppida
1095 975 1161 1040 An·

143 1066 241 1150 tissa,
263 1065 401 1150 Pyrrha,
424 1064 559 1149 Eresos,
581 1065 785 1149 Methymna,
808 1064 978 1148 Mitylene,
1006 1065 1041 1128 in
1067 1063 1162 1130 Ionia

144 1152 243 1218 Chios
276 1158 310 1218 et
342 1151 469 1238 Samos,
501 1155 536 1218 in
564 1152 660 1220 Caria
692 1151 791 1238 Coos,
821 1154 856 1217 in
882 1153 986 1238 Lycia
1016 1151 1194 1217 Rhodosc

144 1243 177 1306 in
215 1241 282 1306 illis
320 1242 467 1326 singulae
505 1246 582 1307 sunt
617 1242 719 1306 isdem
755 1241 942 1306 nominibus
979 1241 1095 1325 urbes,
1130 1241 1164 1305 in

144 1328 262 1394 Rhodo
286 1333 352 1394 tres
376 1330 539 1414 quondam
563 1334 657 1395 erant
678 1329 813 1414 Lindos,
836 1328 998 1413 Oamiros,
1026 1328 1163 1414 Ialysos.

83 1435 133 1485 102
146 1439 228 1502 quae
252 1422 364 1482 eontra
383 1419 482 1483 Tauri
504 1419 765 1503 promunturium
785 1420 958 1502 inportune
980 1418 1163 1502 naviganti·

145 1507 205 1571 bus
235 1506 386 1572 obiacent
408 1504 619 1573 Chelidoniae
645 1507 863 1572 nominantur.
908 1507 943 1571 in
966 1507 1039 1571 sinu
1067 1527 1162 1590 quem

145 1594 323 1659 maximum
359 1595 440 1660 Asia
479 1597 602 1679 recepit
641 1616 742 1678 prope
784 1595 892 1659 media
932 1594 1078 1679 Cypros,
1121 1593 1194 1660 adt

145 1685 253 1747 ortum
288 1704 501 1768 occasumque
539 1687 627 1748 recto
666 1684 743 1769 iugo
782 1705 816 1748 se
853 1683 1040 1766 inmittens,
1077 1683 1163 1748 inter

147 1768 298 1836 Ciliciam
328 1768 504 1857 Syriasque
535 1772 725 1857 porrigitur,
757 1772 887 1857 ingens,
919 1776 957 1836 ut
988 1792 1071 1856 quae
1105 1771 1163 1836 ali·

147 1860 276 1943 quando
303 1880 421 1925 novem
449 1881 551 1946 regna
579 1861 700 1945 ceperit
730 1864 763 1924 et
791 1881 877 1925 nunc
910 1861 1034 1944 aliquot
1064 1860 1162 1925 urbes

145 1947 244 2026 ferat,
277 1969 413 2032 quarum
445 1949 645 2014 clarissimae
679 1947 834 2033 Salamis,
869 1948 1000 2032 Paphos
1032 1953 1067 2012 et
1100 1971 1162 2034 quo

145 2037 287 2119 primum
307 2057 345 2100 ex
368 2037 450 2101 mari
468 2037 629 2103 Venerem
653 2058 818 2123 egressam
841 2037 968 2102 accolae
987 2036 1195 2102 adfirmante

84 2136 135 2185 103
145 2122 382 2207 Palaepaphos.
418 2123 562 2190 Parabos
585 2126 620 2190 in
638 2124 801 2190 Phoenice
824 2129 873 2190 est
891 2148 993 2209 parra
1012 2131 1045 2190 et
1063 2147 1162 2211 quan-

147 2215 218 2275 tum
240 2215 332 2313 patet
354 2215 426 2277 tota
449 2213 615 2297 oppidum,
637 2212 787 2298 frequens
810 2218 934 2299 tamen,
962 2213 1040 2298 quia
1064 2215 1162 2279 etiam

146 2300 795 2474 {ttttttzttttttttttttd
796 2307 928 2456 21.th
921 2307 997 2456 elil
1011 2300 1163 2457 Mitt

147 2476 346 2562 gubernator
368 2476 521 2562 Canopus
544 2478 591 2544 ibi
612 2479 697 2544 forte
719 2480 861 2545 moriens
884 2501 1004 2544 nomen
1026 2480 1194 2566 insulae,¹⁵

84 2565 204 2630 104illa
228 2566 314 2631 ostio
339 2565 436 2631 dedit
481 2565 607 2633 Pharos
630 2589 716 2632 nunc
734 2566 949 2633 Alexandriae
967 2572 1069 2652 ponte
1088 2591 1162 2635 con·

147 2653 304 2738 iungitur,
327 2654 416 2738 olim,
438 2659 476 2720 ut
493 2654 667 2721 Homerico
687 2658 830 2721 carmine
852 2656 1017 2740 proditum
1037 2661 1099 2743 est,
1121 2657 1160 2724 ab

145 2740 267 2805 eisdem
296 2742 363 2806 oris
391 2763 486 2808 cursu
514 2744 577 2810 diei
603 2745 705 2810 totius
729 2745 881 2829 abducta,
914 2749 948 2810 et
976 2746 1004 2810 si
1031 2745 1079 2810 ita
1111 2767 1161 2810 res

143 2827 222 2915 fuit,
250 2828 353 2893 videri
376 2835 486 2914 potest
514 2833 777 2898 consectantibus
800 2833 834 2898 in
857 2836 987 2898 tantum
1016 2839 1161 2900 mutatae

144 2939 258 2982 causas
295 2917 409 2983 Nilum
445 2921 653 3005 praebuisse,
689 2921 766 2987 dum
802 2922 916 2986 limum
954 2922 1091 2988 subinde
1128 2927 1192 2988 aa

144 3008 317 3091 praecipue
342 3030 416 3073 cum
435 3010 611 3075 exundaret
628 3010 718 3075 litori
737 3009 909 3075 adnectens
929 3015 1028 3096 auget
1045 3015 1159 3096 terras,

215 3187 240 3235 3.
261 3180 363 3250 sigaeis
381 3182 410 3236 A
472 3189 497 3238 9.
515 3199 600 3253 pyrra
617 3182 645 3237 A
708 3183 863 3238 erhesosA
924 3189 968 3240 12.
989 3200 1117 3309 caffpms
1134 3185 1161 3240 A

202 3249 282 3306 ilisos
300 3253 329 3306 A
346 3253 454 3320 Ialysos
472 3270 489 3308 o
554 3259 595 3308 13.
614 3253 763 3323 inportune
780 3254 822 3306 A¹
840 3253 998 3324 importune

145 3321 236 3376 sinum
247 3323 275 3376 A
331 3330 372 3379 16.
388 3340 417 3378 se
431 3323 575 3378 inmittens
589 3327 667 3378 recto
680 3324 748 3406 iugo
758 3326 785 3379 A
799 3328 877 3379 recto
891 3326 959 3394 iugo
973 3344 1002 3382 se
1016 3327 1161 3382 inmittens

143 3393 243 3462 carpsi
298 3399 339 3447 18.
354 3395 493 3448 nomenA
507 3410 638 3450 novema
684 3394 793 3464 ahquot
806 3395 848 3448 A¹
862 3412 929 3451 corr.
982 3403 1023 3454 19.
1038 3397 1120 3468 pafos
1133 3397 1160 3452 A

189 3470 231 3519 20.
248 3463 397 3518 adfirmant
405 3464 446 3517 A¹
457 3463 598 3520 affirmant
607 3465 647 3520 A¹
692 3473 734 3522 31.
746 3465 898 3521 adnectens
908 3467 948 3520 A¹
959 3470 1112 3523 annectens
1121 3466 1160 3522 A²

1120 3263 1159 3311 14.
