2424 3908
397 184 580 244 cHOROda.
600 185 641 242 111
660 192 676 242 r
695 189 823 257 (er-ro)
1074 187 1116 253 71

95 348 305 416 arbitrantur
323 369 394 415 esse
417 349 586 432 nutritum,
608 348 694 415 unde
713 346 846 415 Graccis
870 349 1059 416 auctoribus
1081 354 1119 416 ut

96 438 217 503 femori
234 436 323 503 Iovis
349 437 486 503 insitum
505 437 649 504 dicerent
667 440 725 504 aut
746 437 886 505 materia
903 438 1043 523 ingessit
1060 443 1119 505 aut

96 547 199 594 error.
245 546 320 592 oras
347 529 460 593 tenent
487 525 529 594 ab
551 525 633 593 Indo
659 525 701 592 ad
729 523 867 612 Gangen
894 526 1070 611 Palibctri,
1097 542 1170 593 aas

97 614 215 699 Gange
242 614 284 681 ad
307 610 437 698 Colida,
464 614 530 681 nisi
556 614 614 681 ubi
637 615 742 700 magis
765 636 864 699 quam
890 619 928 681 ut
950 615 1119 683 habitetur

67 707 281 787 oexasstuat,
296 706 388 769 atrae
407 707 522 788 gentes
542 707 575 770 et
594 703 834 789 quodammodo
847 701 1038 788 Aethiopes.
1075 705 1118 771 ab

98 790 213 858 Colide
236 790 278 857 ad
300 790 438 858 Tamum
461 795 550 859 recta
573 795 650 858 sunt
671 793 783 875 litora,
810 791 982 877 timidique
1004 793 1119 877 populi

97 885 133 946 et
151 880 288 946 marinis
302 880 420 963 opibus
439 879 578 948 adfatim
591 880 684 947 dites
715 879 835 946 Tamus
853 881 1118 965 promunturium
1137 897 1172 947 as

98 974 159 1053 est,
182 967 270 1053 quod
292 967 419 1035 Tamus
441 969 582 1054 adtollit,
604 966 695 1034 (talis
719 969 803 1034 alter
820 969 911 1035 ane
933 970 1037 1053 pertis
1061 990 1119 1036 an-

99 1058 198 1143 gulus
225 1056 420 1141 initiumque
447 1057 560 1122 lateris
593 1057 634 1123 ad
661 1056 830 1124 meridiem
856 1057 956 1140 versi,
987 1056 1119 1143 Ganges

59 1161 86 1203 1⁰
100 1150 134 1213 et
166 1145 266 1212 Indus
298 1166 421 1214 amnes.
470 1145 528 1210 ille
560 1147 673 1213 multis
704 1145 852 1212 fontibus
883 1145 920 1211 in
950 1144 1119 1212 Haemode

98 1234 212 1301 Indiae
235 1237 346 1301 monte
368 1238 553 1318 concaptus,
576 1233 674 1300 simul
697 1256 798 1300 unum
820 1234 950 1300 alveum
972 1234 1059 1319 fecit,
1081 1235 1120 1300 fit

98 1323 244 1391 omnium
259 1322 420 1389 maximus
435 1326 469 1389 ct
483 1322 603 1390 alicubi
615 1322 726 1408 latius,
739 1323 868 1407 quando
883 1324 1118 1408 angustissime

98 1412 174 1479 fluit
196 1411 308 1477 decem
330 1411 424 1476 milia
445 1433 602 1496 passuum
624 1415 755 1497 pateus,
782 1412 817 1477 in
843 1415 969 1495 septem
991 1433 1050 1477 ora
1073 1412 1118 1477 di-

99 1500 275 1586 spergitur.
323 1498 423 1566 Indus
451 1522 492 1566 ex
523 1504 634 1566 monte
662 1497 889 1585 Oaroparnaso
913 1504 1049 1566 'exortus
1084 1504 1118 1567 et
1137 1515 1171 1566 aa

59 1602 85 1645 ¹⁵
100 1589 169 1656 alia
192 1587 323 1673 quidem
346 1588 481 1655 flumina
504 1589 663 1674 admittit,
693 1588 750 1655 sed
773 1588 956 1654 clarissima
978 1586 1120 1674 Cophen,

102 1676 293 1761 Acesinum,
324 1674 504 1762 Hydaspen
511 1727 521 1761 ,
552 1680 807 1762 conceptamque
838 1677 986 1762 pluribus
1019 1678 1120 1744 alveis

98 1765 222 1833 undam
244 1766 312 1832 lato
331 1766 440 1848 spatio
462 1765 577 1831 trahit.
616 1766 692 1832 hinc
714 1787 816 1849 paene
837 1763 974 1850 Gangen
997 1767 1121 1850 magni-

98 1853 214 1920 tudine
230 1856 397 1937 exaequat.
424 1857 500 1938 post
518 1853 575 1920 ubi
589 1874 686 1938 saepe
701 1853 827 1938 aliquot
840 1854 969 1938 magnis
982 1853 1120 1919 flexibus

100 1942 205 2007 cinxit
218 1942 332 2026 iugum
346 1942 472 2027 ingens,
485 1942 606 2008 iterum
618 1938 728 2008 rectus
743 1941 930 2026 solidusque
944 1940 1120 2026 descendit,

57 2047 85 2091 sc
101 2030 205 2097 donec
223 2030 264 2096 ad
278 2031 406 2096 laevam
424 2029 635 2115 dextramque
654 2051 689 2096 se
709 2029 862 2096 diducam
881 2029 1007 2096 duobus
1026 2030 1121 2096 ostiis

99 2119 198 2204 longe
216 2119 413 2186 distantibus
433 2121 537 2185 exeat.
570 2118 612 2185 ad
630 2118 769 2185 Tamum
786 2118 895 2184 insuda
912 2121 963 2185 est
982 2115 1117 2204 Chryse,
1140 2133 1175 2184 10

100 2207 144 2273 ad
167 2205 306 2293 Gangen
328 2207 470 2293 Argyre:
494 2207 599 2274 altera
621 2208 711 2274 aurai
735 2207 812 2292 soli,
835 2207 883 2273 ita
906 2211 1031 2273 veteres
1055 2212 1121 2273 tra·

100 2295 226 2380 didere,
255 2296 361 2362 altera
383 2296 543 2382 argentei,
567 2300 666 2381 atque
688 2300 726 2363 ut
747 2296 890 2363 maxime
913 2297 1042 2362 videtur
1065 2300 1122 2362 aut

103 2406 144 2449 ex
166 2406 202 2450 re
224 2405 346 2451 nomen
367 2389 425 2451 aut
448 2406 487 2451 ex
509 2385 671 2452 vocabulo
689 2384 802 2451 abula
824 2388 883 2452 eat.
928 2384 1122 2469 Taprobane

58 2485 87 2528 2⁶
102 2475 163 2541 aut
189 2472 321 2558 grandis
355 2473 529 2540 admodum
560 2473 670 2539 insula
701 2476 760 2538 aut
785 2473 893 2556 prima
923 2494 1000 2557 pars
1033 2474 1123 2538 orbis

104 2561 241 2628 alterius
265 2566 301 2627 ut
321 2560 513 2648 Hipparcho
536 2561 667 2644 dicitur,
695 2564 728 2627 et
751 2560 833 2644 quia
853 2560 1037 2644 habitatur,
1063 2583 1124 2627 nec

102 2649 278 2734 quisquam
301 2651 424 2717 circum
448 2672 521 2716 eam
542 2650 609 2716 isse
627 2648 780 2728 traditur,
801 2670 904 2734 prope
925 2670 1040 2715 rerum
1063 2653 1123 2716 est

88 2843 91 2848 ·
175 2831 201 2880 δ.
228 2823 286 2880 imo
313 2824 342 2879 A
365 2823 434 2879 Indo
461 2839 483 2879 a
552 2830 579 2879 4.
608 2822 701 2878 solida
722 2823 751 2877 A
776 2822 876 2879 Colida
898 2822 1053 2879 Salmasius

101 2893 153 2949 ubi
171 2892 317 2953 habitetur
338 2894 367 2951 A
389 2895 422 2949 ut
447 2893 592 2949 habitetur
613 2893 739 2950 Sciebas
816 2900 840 2950 6.
863 2892 952 2948 iolide
974 2895 1002 2948 A
1025 2892 1124 2951 Colide

102 2965 257 3021 Piuiicaus
310 2964 412 3019 andum
425 2966 453 3019 A
471 2965 589 3019 Tamum
605 2966 705 3036 seipsi
777 2970 801 3020 1.
820 2963 940 3018 adfatim
957 2964 998 3018 A¹
1017 2963 1125 3019 affatim

101 3034 145 3090 A¹
218 3041 242 3090 8.
262 3035 344 3090 collis
358 3037 386 3090 A
405 3034 481 3091 Colis
499 3036 625 3093 &hodae
678 3035 825 3108 alter<ae>
839 3035 867 3088 A
886 3036 1002 3103 (litteras
1019 3037 1051 3090 ia
1068 3053 1125 3093 rus.

101 3108 169 3162 odd.
184 3107 235 3177 A³)
249 3105 323 3162 alter
337 3105 412 3161 ane
426 3108 527 3176 scripsi
581 3113 623 3162 10.
635 3112 677 3162 11.
691 3107 792 3161 haemo
806 3104 924 3160 meridie
938 3107 967 3160 A
980 3105 1125 3162 Haemode

102 3176 202 3233 Indiae
215 3179 317 3246 scripsi
370 3183 524 3247 15.copen
537 3177 565 3231 A
579 3175 696 3248 Cophen
714 3178 861 3232 Barbarus
916 3182 957 3234 16.
977 3177 1125 3247 agasinnm

102 3249 132 3303 A
145 3248 298 3306 Acesinum
357 3249 363 3261 ’
402 3249 408 3261 ’
461 3254 503 3302 24.
517 3248 621 3304 ahane
638 3245 945 3318 proneA¹tabaneA¹
959 3247 1125 3316 Taprobane

101 3336 124 3375 a
174 3326 217 3374 26.
232 3264 519 3389 utwffimcho
534 3320 599 3378 add.
614 3319 729 3375 Oenius
748 3318 924 3397 Wachsiaath
960 3315 1123 3386 ipparchius

103 3389 132 3443 A
150 3389 315 3460 Hipparcho
333 3389 480 3446 Barbarae
552 3389 602 3444 sed
625 3389 692 3458 quia
709 3389 738 3444 A
756 3389 785 3442 et
809 3403 876 3456 quaa
893 3387 1055 3444 Perizonius

102 3467 149 3516 2⁷.
168 3476 230 3514 esse
248 3460 277 3513 A
294 3460 351 3515 isse
371 3460 525 3516 Piatiuaus
