2424 3908
148 196 170 256 4
496 193 675 250 POMPONII
693 193 819 248 MHLAE

97 372 129 420 12
150 361 278 440 centur,
310 380 412 443 usque
447 357 488 422 ad
519 355 675 441 Caspium
706 357 815 421 sinum
847 357 1023 440 possident.
1077 357 1166 425 Indis

148 445 298 528 proxima
321 449 373 510 est
390 444 522 527 Ariane,
544 444 659 509 deinde
677 445 758 510 Aria
780 450 813 509 et
832 442 983 510 Cedrosis
1008 448 1040 511 et
1058 445 1166 514 Persis

150 534 190 598 ad
214 533 320 598 sinum
343 533 510 599 Persicum
532 554 605 597 *aa
649 533 736 599 hunc
762 534 876 618 populi
899 532 1074 600 Persarum
1103 557 1167 602 am-

147 622 253 704 biunt,
275 622 371 686 illum
388 623 528 687 alterum
545 621 683 687 Arabes.
729 622 769 687 ab
792 622 845 687 his
863 623 949 707 quod
967 622 1002 688 in
1019 623 1167 690 Africam

148 714 253 776 restat
275 709 475 794 Aethiopum
499 713 557 775 est.
602 711 672 776 illic
695 709 850 795 Caspiani
873 709 1004 795 Scythis
1027 713 1196 796 proximi⁶

150 799 256 865 sinum
275 797 432 884 Caspium
450 800 592 884 cingunt.
637 800 725 865 ultra
743 799 924 865 Amazones
943 801 1095 886 ultraque
1115 825 1166 868 eas

97 906 130 956 13
149 888 353 973 Hyperborei
371 910 442 953 esse
460 892 691 954 memorantur.
728 889 887 954 interiora
904 894 1066 955 terrarum
1084 893 1166 957 111111-

148 983 201 1043 tae
224 979 399 1063 variaeque
427 980 540 1062 gentes
563 977 728 1061 habitant,
756 977 899 1043 Candari
922 981 956 1041 et
978 977 1113 1044 Pariani
1136 984 1167 1046 et

148 1067 274 1151 Bactri,
305 1064 475 1150 Sugdiani,
507 1065 812 1150 Pharmacotrophi,
842 1063 1038 1151 Chomarae,
1065 1065 1167 1134 Choa-

149 1156 248 1238 mani,
269 1154 521 1239 Propanisadae,
544 1154 657 1219 Dahae
680 1176 777 1238 super
800 1151 937 1238 Scythas
957 1152 1198 1238 Scytharum-o

150 1264 213 1327 que
237 1243 375 1325 deserta,
399 1265 436 1309 ac
460 1265 556 1327 super
573 1241 729 1325 Caspium
751 1244 858 1307 sinum
882 1241 1022 1326 Comari,
1044 1241 1167 1311 Massa·

149 1334 259 1416 getae,
286 1330 420 1410 Cadusi,
449 1330 608 1416 Hyrcani,
634 1330 764 1410 Hiberi,
796 1353 893 1415 super
920 1331 1106 1398 Amazonas
1136 1338 1167 1399 et

148 1420 379 1505 Hyperboreos
412 1417 594 1504 Cimmerii,
630 1417 801 1504 Cissianti,
837 1418 976 1504 Achaei,
1013 1418 1167 1507 Georgili,

149 1509 292 1593 Moschi,
310 1508 477 1592 Cercetae,
499 1508 681 1590 Phoristae,
703 1507 907 1592 Rimphaccs,
931 1513 1030 1594 atquc
1052 1509 1111 1575 ubi
1133 1511 1167 1576 in
1207 1503 1209 1514 '

148 1600 262 1663 nostra
284 1598 390 1663 maria
412 1599 536 1663 tractus
561 1594 686 1661 excedit
704 1594 850 1680 Matiani,
873 1596 1030 1662 Tibareni
1054 1602 1087 1662 et
1109 1610 1209 1665 no·1⁸³

150 1688 236 1751 tiore
253 1687 320 1752 iam
338 1685 469 1751 nomina
485 1683 583 1768 Medi,
600 1684 755 1769 Armenii,
773 1683 994 1771 Commageni,
1012 1685 1168 1771 Murrani,

149 1774 280 1859 Vegeti,
307 1771 530 1859 Cappadoces,
557 1773 774 1859 Gallograeci,
802 1773 983 1860 Lycaones,
1010 1775 1167 1862 Phryges,

99 1880 133 1929 14
151 1863 290 1948 Pisidae,
311 1862 426 1947 Isauri,
448 1861 542 1948 Lydi,
560 1860 765 1947 Syrocilices.
810 1886 922 1929 rursus
946 1886 985 1929 ex
1007 1864 1060 1929 his
1085 1887 1167 1948 quae

150 1953 318 2018 meridiem
333 1955 482 2037 spectant
495 1974 550 2013 *s*
563 1951 756 2034 eaedemque
771 1956 884 2037 gentes
898 1953 1056 2018 interiora
1068 1953 1168 2021 litora

149 2045 260 2106 tenent
287 2063 388 2125 usque
421 2040 462 2106 ad
494 2041 600 2105 sinum
627 2039 802 2107 Persicum.
850 2063 948 2126 super
976 2041 1062 2107 bunc
1091 2048 1198 2109 sunta

150 2129 266 2194 Parthi
293 2134 326 2194 et
347 2128 487 2213 Assyrii,
515 2150 612 2212 super
633 2128 728 2193 illum
756 2129 893 2195 alterum
915 2129 1107 2217 Babylonii,
1134 2136 1167 2198 et

152 2240 248 2302 super
271 2216 452 2301 Aethiopas
476 2216 642 2302 Aegyptii.
686 2217 767 2300 ripis
790 2216 860 2283 Nili
888 2219 993 2283 amnis
1022 2224 1055 2285 et
1083 2222 1166 2287 mari

152 2307 300 2390 proxima
322 2306 409 2371 idem
427 2305 586 2390 Aegyptii
608 2304 783 2389 possident.
828 2306 943 2373 deinde
966 2307 1090 2374 Arabia
1113 2332 1166 2375 an-

39 2429 46 2436 ·
151 2399 249 2481 gusta
276 2394 384 2460 fronte
413 2394 581 2478 sequentia
609 2394 707 2459 litora
735 2394 887 2480 adtingit.
933 2396 975 2461 ab
1003 2418 1041 2462 ea
1064 2420 1166 2484 usque

151 2484 192 2550 ad
214 2484 333 2549 flexum
358 2483 451 2548 illum
479 2504 575 2568 quem
598 2505 696 2567 supra
723 2484 910 2549 rettulimus
934 2482 1043 2569 Syria,
1072 2490 1105 2551 et
1132 2488 1199 2552 ins

149 2573 222 2657 ipso
250 2573 334 2638 flexu
362 2570 490 2654 Cilicia,
522 2575 614 2636 extra
641 2575 749 2637 autem
777 2572 878 2656 Lycia
904 2576 938 2638 et
965 2573 1166 2661 Pamphylia,

151 2658 262 2744 Caria,
290 2660 396 2744 Ionia,
424 2660 548 2744 Aeolis,
579 2660 680 2726 Troas
708 2682 811 2744 usque
838 2661 880 2725 ad
906 2660 1167 2747 Hellespontum.

152 2749 193 2813 ab
217 2769 255 2813 eo
282 2748 419 2832 Bithyni
447 2751 524 2814 sunt
551 2749 592 2814 ad
617 2748 793 2814 Thracium
820 2750 1035 2834 Bosphorum.
1081 2753 1166 2818 circa

151 2836 292 2902 Pontum
320 2838 445 2920 aliquot
471 2838 585 2921 populi
613 2839 679 2903 alio
707 2838 836 2922 alioque
866 2839 929 2904 fine
962 2861 1025 2905 uno
1054 2861 1165 2906 omnes

223 2983 248 3031 2.
268 2975 376 3030 ariatne
394 2977 436 3030 A¹
454 2975 569 3030 ariadne
587 2975 629 3030 A²
647 2975 750 3030 Ariane
769 2977 916 3032 Barbarus
988 2984 1012 3032 3.
1037 2979 1166 3034 lacessam

147 3053 213 3117 pose
229 3046 372 3101 Persicum
389 3049 525 3103 immovit
542 3047 669 3104 Barsine
737 3053 761 3102 5.
781 3047 874 3116 scythi
892 3048 920 3101 A
997 3055 1021 3104 9.
1041 3048 1166 3104 snbsiani

153 3117 182 3171 A
197 3117 333 3187 Sugdieni
351 3114 463 3174 Vossius
516 3126 559 3177 10.
577 3134 698 3189 ropanes
717 3120 744 3172 A
758 3115 966 3188 Propanisadae
985 3120 1113 3176 Bursian

154 3195 195 3244 13.
215 3188 282 3242 cissi
300 3189 448 3244 anthiacae
467 3189 495 3243 A
514 3188 656 3259 Cissianti,
674 3189 782 3243 Achaei
799 3189 910 3246 Vossius
983 3198 1024 3246 14.
1044 3192 1164 3246 corsitae

151 3259 180 3313 A
195 3258 327 3316 Cercetas
343 3261 496 3317 Pintiacus
571 3266 610 3315 15.
629 3259 700 3314 mati
717 3259 877 3316 antibarani
893 3261 922 3314 A
935 3260 1062 3330 Matiani,
1082 3261 1164 3318 Tiba-

152 3331 214 3384 rani
228 3330 392 3388 Reireoldies
448 3338 490 3387 16.
505 3330 636 3402 armenis]
645 3332 673 3385 A
689 3331 755 3399 (fait
768 3330 789 3401 i)
844 3338 885 3388 19.
900 3335 1037 3389 mosolla
1054 3335 1087 3389 ds
1099 3336 1165 3389 aaa

152 3403 275 3459 Arabico
289 3405 364 3459 dicte
377 3403 576 3458 toarnensi
634 3408 677 3455 22.
691 3401 831 3484 aegyptis(
842 3403 876 3456 A‘
938 3411 980 3459 28.
994 3404 1122 3473 proximo
1137 3404 1164 3458 A

225 3479 267 3528 28.
287 3473 392 3530 bitbini
410 3472 451 3528 A¹
469 3471 582 3540 bithyni
599 3471 641 3525 A*
713 3479 756 3528 29.
775 3473 833 3530 alra
850 3474 891 3527 A¹
910 3473 966 3539 alio
986 3474 1026 3528 A²
