2424 3908
340 204 521 262 cfiouosu.
540 206 623 262 1112.
643 213 659 263 a
679 209 807 277 (re-ar)
1041 208 1083 273 61

62 369 172 431 terrea
196 367 415 450 procurrentis
441 369 477 432 in
499 371 634 453 pelagus
659 374 692 434 ab
719 392 777 435 ora
800 368 1006 436 Cantabricis
1030 372 1085 436 ad-

63 476 161 521 sousa
184 455 349 538 litoribus,
378 456 451 522 eliis
474 457 604 541 populis
627 459 735 524 modia
757 459 826 523 eius
849 459 1085 544 babilontibus,

62 543 105 608 ab
125 541 281 609 Santonis
305 544 347 609 ad
365 543 527 610 Ossismos
550 568 651 630 usque
674 547 806 612 deflexa.
852 547 977 612 abillis
997 548 1083 613 enim

61 632 185 697 iberum
211 633 254 699 ed
281 634 520 718 sepieniriones
551 634 642 700 frons
670 635 804 701 liborum
836 636 983 721 respicit,
1014 658 1085 721 per·

36 719 214 805 oiineique
238 721 279 785 ed
300 721 435 788 ultimos
455 717 656 788 Gallicorum
678 725 824 809 gentium
847 723 1003 809 Morinos,
1026 746 1085 790 nec

64 813 166 894 porbu
184 830 281 893 quem
295 808 505 876 Gesoriacum
523 817 642 878 uocaui
656 813 833 896 quidquam
850 814 961 879 nobius
975 813 1084 879 habeb.

63 897 200 963 Rhenus
227 897 368 982 Alpibus
396 899 546 965 decidens
573 923 675 985 prope
704 924 723 966 a
751 902 857 985 capilo
886 901 967 965 duos
995 902 1084 969 lacus
1104 919 1138 967 24

65 985 169 1052 efficii
200 985 364 1052 Venatum
396 991 430 1053 ei
460 987 635 1054 Acronum.
690 1010 767 1054 mox
801 989 858 1054 diu
890 988 1013 1054 solidus
1052 994 1085 1055 ei

65 1078 154 1140 corbo
183 1076 277 1141 alveo
305 1076 418 1159 lapsus
445 1076 532 1141 haud
559 1079 673 1160 procul
700 1100 720 1142 a
746 1078 830 1142 mari
856 1077 920 1142 huc
945 1083 979 1142 et
1005 1077 1085 1143 illuc

30 1162 286 1248 sedispesgiiur,
323 1164 379 1229 sed
412 1165 453 1229 ad
490 1165 656 1230 sinisiram
693 1167 798 1231 omnis
836 1167 1015 1231 etiamnum
1052 1171 1085 1231 ei

66 1252 170 1317 donce
194 1252 306 1318 effluat
328 1251 477 1336 Rhenus,
504 1253 545 1318 ad
568 1254 716 1319 dextram
737 1255 844 1338 primo
870 1258 1028 1339 angustus
1052 1258 1085 1319 ei

65 1339 116 1406 'sui
140 1340 273 1424 similis,
294 1345 371 1425 posi
394 1341 475 1425 ripis
497 1342 595 1426 longo
619 1365 656 1408 ao
678 1342 746 1408 labe
768 1342 993 1409 recedeniibus
1016 1343 1084 1407 iam

64 1450 132 1494 non
168 1430 274 1494 omnis
307 1430 363 1494 sed
399 1430 514 1514 ingens
546 1431 637 1496 lactu
672 1431 730 1496 ubi
766 1453 899 1515 campos
935 1432 1085 1514 implevit

65 1515 164 1583 Fleuo
189 1516 321 1602 dicibur,
351 1518 557 1604 eiusdemque
579 1521 720 1585 nominis
749 1520 891 1584 insulam
915 1520 1084 1603 amplexus

32 1606 106 1670 ufic
127 1605 249 1671 iberum
272 1607 374 1672 ortior
397 1607 578 1693 iterumque
601 1609 719 1674 fluvius
744 1609 913 1674 emittitur.

155 1691 333 1760 Germania
367 1695 444 1759 hinc
475 1697 557 1779 ripis
594 1698 662 1762 eius
699 1718 800 1780 usque
836 1697 878 1762 ad
910 1695 1027 1781 Alpes,
1064 1719 1084 1760 a
1103 1676 1136 1801 {5

65 1782 202 1848 meridie
228 1783 310 1867 ipsis
333 1783 489 1867 Alpibus,
516 1785 557 1848 eb
586 1785 711 1850 oriente
731 1783 986 1850 Sarmaticarum
1010 1806 1082 1849 oon·

65 1870 147 1936 finio
162 1872 318 1954 gentium,
335 1895 400 1956 quo
414 1872 668 1955 septentrionem
683 1876 808 1956 speciei
822 1873 973 1938 oceanico
988 1872 1083 1935 litore

65 1958 209 2024 obducis
227 1965 287 2025 esi.
327 1961 384 2044 qui
402 1960 556 2026 habilem
578 1961 734 2026 immanes
754 1964 831 2026 suni
850 1960 967 2026 animis
987 1965 1084 2045 abque
1104 1978 1139 2026 as

28 2064 52 2109 u
65 2049 275 2133 corporibus,
312 2052 346 2113 eb
377 2049 419 2114 ad
449 2049 583 2114 insitam
618 2049 783 2115 feritatem
819 2052 911 2114 vaste
947 2052 1085 2133 unaque

66 2140 233 2222 exorcenl,
264 2137 417 2202 bellando
450 2137 590 2222 animos,
627 2159 765 2222 corpora
796 2138 1008 2203 adsuetudine
1041 2137 1085 2202 la·

64 2225 186 2290 borum
204 2226 345 2291 maxime
363 2223 504 2310 frigoris.
536 2226 615 2291 nudi
634 2231 736 2312 agunt
754 2231 929 2311 antequam
947 2227 1086 2310 puberes

66 2313 152 2398 sini,
178 2317 212 2379 ei
232 2314 427 2399 longissima
455 2315 540 2399 apud
562 2336 618 2380 eos
641 2317 783 2399 puerilia
808 2322 868 2383 est.
912 2315 975 2380 viri
998 2314 1086 2400 sagis

64 2402 219 2468 velantur
251 2407 308 2467 aui
338 2402 433 2467 libris
464 2404 631 2488 arborum,
663 2405 810 2487 quamvis
843 2426 939 2468 saeva
970 2403 1086 2468 hieme.

23 2507 51 2551 es
64 2491 169 2555 nandi
190 2512 258 2555 non
279 2491 441 2575 palienbia
466 2495 595 2557 iunium
621 2493 702 2574 illis,
730 2492 872 2556 eludium
899 2492 1000 2556 mam
1027 2494 1086 2554 esi.
1106 2507 1139 2555 27

65 2579 253 2644 bellacum
276 2580 425 2645 finitimis
448 2584 579 2663 geruni,
608 2601 721 2644 causas
746 2601 858 2643 eorum
887 2601 925 2643 ex
951 2577 1085 2643 libidine

66 2671 252 2752 arcessunt,
278 2689 382 2754 neque
405 2668 603 2752 imperitandi
630 2668 878 2751 prolatandique
906 2689 987 2751 quae
1012 2689 1084 2751 pos-

67 2755 186 2841 sident,
208 2778 285 2821 nam
308 2779 348 2821 ne
370 2757 430 2821 illa
453 2755 583 2840 quidem
606 2755 699 2821 enixe
718 2756 839 2840 colunt,
862 2756 917 2821 sed
941 2760 978 2821 ut
1002 2757 1087 2821 circa

141 2919 166 2967 2
186 2910 252 2966 aliis
271 2914 299 2967 A
317 2911 417 2968 eliiso
489 2919 515 2967 3.
535 2911 660 2984 ossimoff
672 2913 714 2967 A¹
730 2911 862 2967 ossismos
877 2913 919 2968 A¹
990 2918 1016 2968 4.
1030 2911 1087 2965 fros

66 2983 111 3038 ΑΙ
133 2982 211 3038 frons
234 2981 276 3038 A'
357 2989 383 3038 4.
407 2990 432 3040 τι
454 2981 653 3052 pertinacique
678 2985 707 3038 A
788 2992 812 3039 6.
837 2982 1021 3038 osor-isiacum
1047 2981 1088 3037 A¹

67 3053 276 3124 gesericiucum
289 3053 330 3108 A¹
344 3053 525 3109 Gesoriacum
537 3071 559 3109 n
608 3053 761 3123 quidquem
774 3054 816 3108 Αι
834 3055 985 3123 quicquum
998 3053 1039 3108 A¹
1189 3065 1192 3068 ’

68 3132 95 3180 9.
117 3125 217 3196 lapsus
234 3124 277 3181 A¹
295 3141 365 3180 corr.
418 3124 495 3178 haud
513 3125 554 3179 A¹
573 3142 642 3181 corr.
717 3132 758 3180 10.
778 3124 924 3180 sinistrum
944 3126 972 3180 A
1047 3130 1087 3179 15.

68 3194 164 3250 fluviis
182 3197 211 3251 Α
230 3195 331 3250 fluvius
350 3213 370 3250 cc
426 3202 467 3251 1⁷.
487 3195 616 3267 orientes(
631 3196 660 3250 A
713 3194 913 3251 armaiicerum
925 3197 967 3251 Α1
986 3211 1089 3248 sanna

66 3266 192 3352 tioapum
203 3266 251 3350 24³·
300 3273 342 3322 18.
358 3284 412 3336 que
425 3267 467 3321 Α1
486 3283 541 3334 qua
555 3266 596 3321 A³
647 3266 782 3348 ‘scaenico
797 3267 839 3321 A²
856 3269 974 3348 acceptis
992 3267 1090 3367 lipterio

68 3343 384 3465 {infudisse
403 3343 486 3464 cd·
505 3337 963 3481 adgqrqqqqfqpqfflg
976 3336 1089 3477 sinn

68 3497 90 3536 x
162 3485 207 3536 23.
225 3479 302 3552 viriis
318 3480 346 3536 A
418 3485 461 3534 2⁷.
479 3477 652 3548 inperitandi
673 3479 715 3533 Α1
738 3476 921 3548 imperitandi
938 3476 979 3533 A²
