2424 3908
155 212 201 278 44
502 211 681 269 POMPONII
698 210 824 267 MELAE

155 373 311 441 Paestum
331 376 495 461 oppidum,
510 374 633 442 Silarus
653 375 770 459 amnis,
783 374 938 453 Picentia,
956 373 1076 439 Petrae
1090 394 1167 458 quas

156 463 283 530 Sirenes
314 464 521 548 habitarunt,
552 461 718 529 Minervas
750 463 1029 547 promunturium,
1060 463 1168 529 omnis

103 570 136 619 το
155 551 317 618 Lucaniae
345 552 432 636 loca,
459 552 550 617 sinus
577 551 791 636 Puteolanus,
819 549 1026 636 Syrrentum,
1050 549 1169 617 Hercu·

156 641 299 725 laneum,
321 638 457 707 Vesuvii
479 641 602 706 montis
625 633 809 725 adspectus,
831 639 980 725 Pompei,
1004 638 1169 724 Neapolis,

155 729 298 812 Puteoli,
325 730 416 795 lacus
439 728 596 795 Lucrinus
620 733 653 794 et
676 728 838 812 Avernus,
864 726 980 811 Baiae,
1001 727 1197 813 Misenum,s

157 816 191 881 id
211 839 298 882 nunc
321 817 387 883 loci
405 817 583 902 aliquando
601 816 739 902 Phrygii
757 817 873 882 militis
890 837 1019 901 nomen,
1042 813 1170 901 Cumae,

155 904 333 990 Liternum,
345 905 526 972 Volturnus
541 905 657 989 amnis,
669 905 869 971 Volturnum
882 904 1051 989 oppidum,
1068 926 1170 971 amoe

102 1013 134 1062 '11
155 1016 199 1059 na
219 991 435 1079 ,Campaniae
471 995 590 1078 litora,
628 992 801 1078 Sinoessa,
835 992 942 1078 Liris,
976 992 1171 1078 Minturnae,

153 1081 323 1165 Formiae,
346 1082 465 1167 Fundi,
496 1082 686 1166 Tarracina,
713 1079 823 1147 Oiroes
842 1081 964 1235 {omns
997 1081 1169 1167 aliquando

154 1168 290 1253 Circeia,
303 1171 449 1254 Antium,
460 1170 705 1255 Aphrodisium,
717 1169 835 1254 Ardea,
876 1173 1059 1255 surculum,
1076 1170 1198 1237 ostiae

103 1279 135 1326 72
155 1259 239 1323 citra
257 1259 403 1323 Tiberim
424 1260 457 1323 in
480 1260 543 1325 hoc
565 1260 667 1325 latere
691 1263 776 1325 sunt
819 1259 909 1324 ultra
925 1257 1039 1344 Pyrgi,
1060 1257 1171 1344 Minio,

156 1345 309 1412 Castrum
325 1369 456 1425 novum,
474 1346 658 1432 Graviscae,
681 1343 777 1431 (losa,
795 1346 963 1430 Telamon,
979 1345 1171 1432 Populonia,

155 1433 283 1519 Oecina,
305 1434 411 1520 Pisae,
428 1436 569 1502 Etrusca
587 1439 620 1501 et
637 1436 710 1501 loca
729 1437 763 1499 et
779 1435 927 1519 fiumina,
944 1435 1062 1501 deinde
1079 1435 1171 1501 Luna

153 1523 312 1608 Ligurum
334 1529 368 1590 et
385 1523 516 1610 Tigulia
539 1528 573 1590 et
591 1523 704 1589 Genua
723 1526 756 1588 et
775 1522 909 1589 Sabatia
932 1528 965 1588 et
986 1522 1170 1612 Albingau-

153 1633 247 1698 num;
264 1616 334 1677 tum
351 1612 456 1678 Paulo
475 1617 509 1678 et
525 1612 650 1678 Varum
668 1613 802 1677 flumina
819 1615 957 1697 utraque
974 1613 1016 1676 ab
1031 1611 1170 1697 Alpibus
1180 1628 1201 1671 n

155 1700 300 1784 delapsa,
318 1701 375 1766 sed
388 1700 515 1766 Varum
533 1702 609 1786 quia
627 1700 761 1766 Italiam
778 1700 852 1765 finit
871 1701 1039 1785 aliquanto
1053 1702 1171 1767 notius.

102 1808 134 1858 73
153 1786 257 1872 Alpes
284 1789 376 1874 ipsae
404 1791 445 1854 ab
473 1790 525 1855 his
552 1789 705 1855 litoribus
732 1789 832 1875 longe
863 1789 993 1873 lateque
1025 1789 1171 1871 diffusae,

153 1877 1171 2032 issetbtrltsrntstsbrsstrttl

155 2055 292 2137 abeunt,
327 1988 561 2140 diremptisquge
596 2016 728 2140 populis
764 1988 968 2138 inmaiiibus,
1003 2076 1108 2140 usque
1138 2055 1202 2120 ins

155 2140 328 2207 Thraciam
350 2147 531 2226 penetrant.

115 2213 136 2276 5
244 2228 353 2296 Gallia
374 2230 540 2297 Lemanno
568 2232 642 2296 lacu
670 2235 703 2296 ot
726 2229 920 2297 Cebennicis
947 2230 1116 2297 montibus
1138 2231 1170 2297 in

102 2289 136 2338 24
155 2318 218 2383 duo
246 2319 352 2384 latera
379 2320 498 2403 divisa,
526 2324 624 2404 atque
652 2320 754 2385 allero
782 2319 924 2385 Tuscum
950 2320 1088 2404 pelagus
1117 2318 1170 2386 sd-

154 2407 285 2493 tingens
309 2408 412 2473 altero
436 2430 602 2492 oceanum,
624 2407 679 2472 bio
702 2431 722 2474 a
743 2407 833 2474 Varo
856 2407 927 2472 illio
950 2429 971 2473 a
990 2406 1107 2475 Rheno
1130 2407 1170 2473 sd

154 2495 358 2580 Pyrenaeum
380 2519 483 2582 nsque
504 2498 715 2582 permittitur.
758 2516 836 2581 pars
858 2494 981 2562 Nostro
1007 2496 1092 2563 mari
1116 2496 1201 2563 erl-s

154 2585 262 2667 posita
284 2585 361 2669 (fuit
382 2586 558 2670 aliquando
580 2584 722 2651 Bracata
749 2606 836 2650 nunc
858 2581 1100 2670 Narbonensis)
1123 2589 1171 2650 est

154 2674 260 2756 magis
289 2675 376 2738 oilla
402 2678 436 2739 et
461 2675 568 2761 magis
597 2675 722 2740 consita
749 2674 887 2756 ideoque
913 2673 1015 2738 etiam
1042 2673 1169 2739 laetior.

102 2778 135 2828 ⁷5
154 2760 284 2824 urbium
308 2782 389 2845 quas
411 2762 512 2828 habet
535 2763 802 2846 opulentissimae
826 2764 902 2827 sunt
919 2760 1023 2827 Vasio
1042 2758 1168 2828 Vocon-

227 2923 250 2973 1.
269 2920 396 2988 prestum
413 2916 442 2971 A
459 2916 591 2972 Paestum
609 2935 625 2973 v
696 2925 721 2973 3.
740 2923 766 2972 4.
785 2916 1001 2972 herculanarum
1019 2917 1048 2971 A
1066 2917 1169 2975 Hercu·

153 2988 300 3044 laneumo
372 2995 397 3043 4.
420 2987 570 3058 adspectus
588 2988 629 3042 A¹
648 2989 778 3056 aspectus
797 2987 838 3041 A’
910 2994 935 3044 5.
954 2989 984 3043 et
1001 2986 1170 3043 svernnsA

154 3061 272 3125 (litteras
298 3061 328 3114 et
352 3075 420 3114 aver
446 3061 509 3115 add.
538 3058 579 3112 A'
606 3061 638 3114 in
664 3060 755 3128 spatio
781 3062 879 3129 cocao)
951 3067 976 3115 9.
999 3058 1105 3114 formis
1131 3058 1170 3114 A¹

154 3128 271 3184 formiae
284 3130 326 3184 A8
378 3129 473 3185 fundit
486 3129 514 3183 A
528 3128 648 3184 Fundio
721 3136 763 3186 10.
782 3128 935 3184 arodisium
948 3128 990 3183 A¹
1004 3128 1169 3186 afrodisium

154 3199 194 3255 A¹
268 3207 310 3256 11.
333 3200 398 3255 anio
422 3202 450 3256 A
473 3199 562 3256 Minio
586 3201 729 3257 Clanarius
806 3207 847 3255 12.
870 3200 1025 3271 grabuscae
1048 3202 1076 3257 A
1100 3201 1167 3258 Gra·

154 3271 249 3327 viscae
262 3272 409 3328 Borboros
463 3279 505 3328 13.
520 3272 670 3326 nominaA
683 3271 799 3326 flumina
813 3271 957 3328 Cluverius
1012 3279 1054 3328 14.
1068 3271 1169 3343 ligulis

154 3343 181 3396 A
210 3341 322 3412 Tigulia
352 3361 374 3398 cc
455 3350 497 3399 14.
526 3350 567 3399 lb.
601 3342 799 3399 albincaunum
825 3343 854 3396 A
936 3349 978 3398 19.
1006 3343 1168 3413 attigerunt

153 3413 195 3539 Pl
217 3413 375 3540 {attigerunt
397 3414 438 3468 A¹
515 3420 557 3470 26⁴.
580 3430 732 3483 pyreneum
755 3415 784 3468 A
856 3420 899 3472 28.
922 3428 1007 3471 vasco
1031 3414 1061 3469 A
1082 3413 1168 3470 Vasio

182 3501 215 3540 ar
234 3501 300 3540 arus

61 3558 197 3664 Ἴ
