2424 3908
144 201 188 266 54
490 200 668 257 POMPONII
685 199 811 256 MELAE

144 363 262 428 baeum
294 366 328 427 et
360 362 512 427 Pelorida
543 362 745 428 Panhormus
778 367 810 428 et
842 362 990 447 Himera,
1001 361 1181 426 'interius'

144 473 222 517 vero
254 450 408 516 Leontini
445 455 477 514 et
514 447 761 535 Centuripinum
797 455 831 516 et
866 450 977 536 Hybla
1014 450 1162 534 aliaeque

145 541 329 624 conplures,
356 538 480 605 famam
506 538 607 604 habet
635 539 677 604 ob
701 536 828 605 Cereris
855 540 1015 622 templum
1043 536 1161 604 Henna

83 645 133 695 119
143 629 360 712 praecipuam.
411 627 571 692 montium
598 627 688 712 Eryx
714 628 854 693 maxime
888 630 1089 691 memoratur
1120 627 1160 694 ob

145 715 315 781 delubrum
336 715 473 781 Ve'neris
497 715 538 780 ab
556 715 669 782 Aenea
692 717 867 799 conditum,
890 719 923 781 et
941 715 1050 780 Aetna
1073 715 1181 800 quoda

146 801 307 888 Cyclopas
326 805 406 869 olim
425 805 511 888 tulit,
533 826 619 870 nunc
638 804 782 870 adsiduis
801 804 931 888 ignibus
952 802 1082 888 flagrat.
1125 804 1162 868 de

145 893 296 957 amnibus
319 891 454 956 Himera
476 891 677 976 referendus,
704 893 781 976 quia
802 893 836 956 in
859 891 965 957 media
989 891 1160 957 admodum

144 985 235 1045 ortus
259 981 294 1045 in
322 981 451 1046 diversa
474 980 628 1063 decurrit,
657 981 871 1065 scindensque
901 1002 971 1045 eam
999 981 1162 1064 utrimque

144 1069 208 1134 alio
239 1091 294 1134 ore
323 1070 358 1133 in
385 1068 545 1152 Libycum
573 1069 639 1133 alio
667 1069 701 1133 in
729 1069 870 1135 Tuscum
898 1090 988 1133 mare
1020 1069 1161 1134 devenit.

83 1174 132 1223 120
144 1157 229 1222 circa
271 1155 414 1222 Siciliam
454 1156 490 1221 in
526 1155 635 1222 Siculo
677 1157 761 1222 freto
803 1161 853 1222 est
888 1156 1014 1240 Aeaee,
1061 1175 1189 1241 quamn

146 1243 289 1329 Calypso
325 1244 492 1310 habitasse
529 1244 661 1329 dicitur,
698 1244 845 1310 Africam
882 1267 995 1310 versus
1029 1243 1160 1328 Gaulos,

144 1331 269 1417 Melita,
293 1331 442 1417 Cossura,
464 1333 598 1416 propius
620 1333 753 1399 Italiam
776 1332 910 1417 Calata,
934 1336 967 1398 et
989 1333 1067 1398 illae
1093 1355 1160 1417 sep

143 1426 211 1486 tem
235 1443 314 1506 quas
338 1420 435 1487 Aeoli
459 1421 625 1504 adpellant
647 1420 818 1507 Osteodes,
840 1422 968 1506 Lipara,
990 1420 1159 1506 Heraclea,

143 1509 295 1593 Didyma,
317 1509 534 1594 Phoenicusa,
557 1530 595 1575 ac
619 1511 703 1575 sicut
717 1510 833 1575 ⁴Aetna
860 1513 1016 1594 perpetuo
1039 1510 1158 1595 flagrat

81 1615 131 1663 121
143 1598 219 1682 igne
246 1597 349 1662 Hiera
381 1603 413 1662 et
436 1595 623 1684 Strongyle.
668 1601 719 1663 set
746 1598 933 1682 Pithecusa,
966 1596 1190 1680 Leucothean

142 1684 296 1770 Aenaria,
320 1683 467 1770 Sidonia,
489 1683 644 1770 Capreae,
666 1685 842 1772 Prochyta,
865 1686 1016 1769 Pontiae,
1039 1686 1161 1752 Panda

145 1773 243 1857 teria,
273 1773 419 1858 Sinonia,
446 1774 612 1839 Palmaria
638 1775 754 1841 Italico
780 1775 876 1840 lateri
903 1775 986 1840 citra
1008 1774 1162 1840 Tiberina

82 1879 132 1928 122
145 1862 230 1928 ostia
262 1862 420 1928 adiacent.
475 1863 561 1928 ultra
589 1863 715 1947 aliquot
746 1867 822 1928 sunt
852 1885 971 1947 parvae
998 1862 1162 1948 Dianium,

145 1950 292 2036 Igilium,
317 1949 494 2034 Carbania,
522 1949 628 2036 Urgo,
650 1951 734 2035 Ilva,
763 1950 932 2035 Capraria,
960 1951 1042 2016 duae
1066 1972 1161 2037 gran·

145 2038 202 2104 des
230 2039 378 2124 fretoque
406 2039 541 2123 divisae,
574 2060 710 2123 quarum
738 2037 872 2104 Corsica
899 2039 990 2104 litori
1018 2041 1161 2124 propior,
1175 2056 1197 2098 ¹⁰

144 2127 230 2192 inter
257 2129 362 2193 latera
384 2126 493 2192 tenuis
521 2130 555 2191 ct
577 2127 690 2212 longa,
717 2132 946 2212 praeterquam
971 2127 1035 2192 ubi
1050 2125 1162 2193 Aleria

81 2220 177 2281 123et
200 2214 348 2282 Mariana
372 2214 519 2280 coloniae
543 2217 621 2279 sunt
643 2236 663 2279 a
685 2215 834 2280 barbaris
858 2216 989 2281 colitur:
1013 2213 1162 2283 Sardinia

143 2303 294 2370 Africum
316 2304 453 2388 pelagus
482 2301 668 2388 adtingens,
694 2304 759 2368 nisi
788 2304 873 2388 quod
900 2305 936 2368 in
963 2303 1163 2370 occidentem

146 2414 244 2477 quarn
265 2392 301 2457 in
326 2392 485 2457 orientem
510 2391 681 2475 angustius
706 2396 841 2477 spectat,
863 2415 924 2476 par
947 2395 981 2456 et
1003 2393 1163 2476 quadrata

143 2481 285 2565 undique
312 2483 346 2545 et
373 2500 533 2563 nusquam
565 2501 632 2545 non
663 2480 828 2565 aliquanto
856 2480 1031 2564 spatiosior
1063 2495 1194 2566 quamn

144 2569 200 2633 uhi
227 2567 422 2652 longissima
451 2571 502 2632 est
529 2565 675 2652 Corsica,
709 2572 851 2635 ceterum
881 2568 1000 2635 fertilis
1033 2573 1070 2634 et
1099 2570 1162 2635 soli

143 2678 242 2740 quam
270 2657 361 2720 caeli
399 2656 558 2740 melioris,
594 2661 691 2741 atque
728 2660 766 2722 ut
801 2656 938 2724 fecunda
974 2657 1022 2722 ita
1057 2679 1161 2742 paene

216 2834 241 2883 4.
261 2826 415 2899 praecipua
433 2827 462 2881 A
479 2828 661 2899 praecipuam
679 2830 843 2886 Cicccoaias
896 2847 963 2898 eryx
980 2831 1021 2885 A¹
1040 2848 1109 2889 corr.

144 2906 170 2954 5.
190 2898 295 2954 aethna
315 2898 356 2952 A¹
375 2900 459 2953 aetna
477 2899 517 2954 A’
571 2907 596 2956 6.
614 2898 741 2954 adsiduis
758 2901 801 2955 A¹
823 2899 944 2955 assiduis
968 2902 1009 2956 A²
1062 2901 1165 2972 flagrat

144 2970 186 3024 A¹
206 2987 274 3026 corr.
347 2976 372 3025 9.
393 2969 513 3024 maxime
536 2970 565 3024 A
587 2987 665 3025 mare
683 2989 704 3026 a
776 2977 817 3027 10.
838 2987 887 3026 eae
910 2971 938 3025 A
961 2974 1053 3026 Aeaee
1072 2990 1093 3027 a

145 3039 353 3098 racemosa
367 3039 471 3095 Gaulos
485 3041 632 3097 Barbarae
687 3048 729 3097 13.
748 3040 839 3097 aceoli
857 3041 885 3096 A
937 3044 1057 3098 heracea
1074 3044 1104 3097 A

94 3132 107 3152 ⁶
145 3117 187 3169 15.
216 3110 371 3179 stronoyles
399 3113 429 3166 et
455 3112 484 3166 A
509 3111 658 3182 Strongyle
688 3114 731 3167 set
758 3114 858 3182 sorarai
934 3120 976 3170 16.
1005 3130 1107 3185 caprae
1134 3115 1164 3168 A

144 3181 268 3252 Capreae
283 3198 304 3238 a
353 3184 488 3251 coreytha
500 3183 529 3237 A
541 3182 683 3251 Prochyta
694 3199 716 3238 a
771 3190 812 3238 17.
826 3183 967 3254 parmaria
980 3185 1008 3238 A
1022 3184 1164 3239 Palmaria

144 3253 296 3310 Rabienus
368 3259 410 3309 18.
430 3253 524 3309 iacent
536 3254 565 3308 A
583 3253 713 3308 adiacent
726 3255 827 3324 scripsi
898 3255 1163 3312 roccaromana

143 3325 255 3378 etrusco
269 3329 334 3394 post
348 3322 455 3379 divisa
469 3326 556 3382 dclcci
590 3325 720 3448 proprior
733 3324 775 3378 A¹
791 3324 907 3395 propior
920 3324 960 3380 A’
1001 3333 1045 3382 21.
1064 3329 1165 3398 aperta

143 3394 290 3519 AfflAleria
308 3394 461 3518 Ledaeam
542 3401 584 3450 22.
610 3412 641 3451 ce
655 3395 735 3453 oniae
763 3395 791 3449 A
872 3403 915 3452 23.
938 3396 1088 3466 adtingens
1121 3399 1165 3454 A¹

145 3481 162 3518 a
200 3482 288 3534 ngens

71 3610 202 3664 *Q
