2424 3908
341 225 521 282 cnoaooa.
541 227 599 284 14.
619 233 635 282 s
654 229 781 298 (ro-rs)
1051 229 1069 292 7

53 393 134 458 haee
163 403 291 456 summa
317 390 423 455 nostri
450 390 552 472 orbis,
579 389 641 453 hae
669 391 831 456 maximae
857 393 982 475 partes,
1010 391 1072 457 hae
1091 406 1126 454 24

54 480 178 547 formae
197 482 374 563 gentesque
387 478 538 562 partium.
573 499 659 542 nune
673 480 816 544 exactius
836 501 911 545 orus
926 480 1071 565 situsque

55 569 182 635 dicturo
203 567 279 632 inde
302 570 353 632 est
375 565 674 631 commodissimum
695 566 839 651 incipere
860 568 946 634 undo
968 572 1073 634 terras

55 656 215 722 Nostrum
235 655 372 740 pelagus
386 654 577 739 ingreditur,
595 654 684 719 stab
698 653 750 720 his
764 654 972 739 potissimum
990 677 1073 741 quoe

30 744 206 810 sintluenti
233 743 347 808 dextra
379 746 468 827 sunt,
500 741 615 806 deinde
644 742 802 828 stringere
829 745 929 810 litora
960 745 1072 811 ordino

55 854 121 918 quo
143 833 259 915 issent,
282 831 525 915 peragratisqoe
543 830 694 896 omnibus
714 853 796 917 quae
814 833 847 897 id
866 855 956 898 mere
975 834 1074 899 attin-
1144 834 1147 840 ’

55 924 138 1008 gunt
157 921 272 1006 legere
284 920 384 984 etiam
407 919 464 984 illa
483 941 565 1005 quae
584 920 688 1004 cingit
706 942 858 1005 oceanus,
883 921 985 986 donee
1003 944 1074 988 our·

55 1032 111 1075 sus
134 1009 258 1092 insepti
279 1008 397 1092 operis,
418 1008 505 1072 intra
523 1011 677 1092 extraque
700 1009 933 1075 circumuectus
952 1011 1074 1095 orbem,

55 1098 134 1163 illue
155 1097 241 1162 unde
264 1097 408 1180 eoeperit
428 1097 548 1162 redeat.

20 1209 43 1249 ro
145 1184 278 1251 Dictum
305 1188 356 1251 est
378 1184 582 1250 Atlanticum
610 1205 680 1249 esse
704 1205 859 1250 oceanum
886 1187 943 1271 qui
967 1191 1073 1253 terras
1093 1165 1128 1292 {5

57 1275 99 1340 ab
135 1273 303 1340 oeoidents
337 1273 549 1358 contingeret.
603 1272 680 1338 hino
716 1273 751 1337 in
786 1273 945 1340 Nostrum
985 1297 1075 1341 mare

55 1363 267 1448 pergentibus
298 1363 391 1427 laeva
422 1361 594 1445 Hispania,
630 1360 835 1427 Mauretania
870 1363 985 1428 dextra
1016 1367 1075 1448 est,

54 1451 182 1535 primae
203 1454 313 1534 partes
335 1451 394 1515 illa
415 1449 582 1533 Europae,
611 1449 691 1516 haeo
713 1449 854 1517 Africae.
900 1452 970 1517 eius
999 1473 1076 1517 orae

55 1540 130 1605 finis
149 1538 317 1624 Muluoha,
336 1543 434 1623 eaput
447 1543 545 1623 atque
565 1539 731 1604 exordium
745 1543 796 1604 est
812 1541 1074 1623 promunturium

21 1648 43 1690 u
57 1627 144 1712 quod
167 1626 284 1693 Graeci
305 1626 546 1711 Ampelusiam,
569 1626 642 1691 Afri
666 1627 762 1693 aliter
785 1628 950 1694 sedidem
974 1629 1073 1713 signi-

56 1717 175 1782 fioonte
197 1716 357 1782 uocabulo
381 1716 559 1800 appellant.
605 1717 640 1780 in
667 1737 705 1782 eo
729 1721 780 1781 eat
802 1737 917 1800 specus
940 1717 1076 1782 Herouli
1094 1730 1128 1781 ae

55 1805 600 1958 Atutltttttttt
623 1805 788 1958 {Atti
802 1806 1077 1977 tssgttztll

56 1941 269 2066 elsphun'tino
284 1943 408 2066 tergolr'
425 1986 555 2047 exsecta
572 1983 687 2066 ingena
706 1984 740 2045 et
758 1981 801 2046 ob
819 1982 1076 2067 magnitudinem

21 2091 44 2132 a
55 2071 139 2135 nulli
155 2091 243 2135 nuno
261 2091 358 2135 usuro
377 2069 509 2154 habilis,
527 2092 624 2155 quam
643 2069 789 2135 locorum
808 2070 938 2135 areolae
958 2071 999 2136 ab
1018 2069 1076 2135 illo

56 2160 221 2245 gestatem
243 2180 303 2242 pro
328 2179 403 2224 varo
426 2158 550 2224 habent
576 2159 775 2244 traduntque
797 2164 830 2225 et
857 2158 932 2224 inde
960 2160 1076 2223 eximie

57 2248 176 2312 solunt
213 2246 327 2312 deinde
346 2251 397 2313 est
414 2269 507 2313 mons
525 2247 699 2332 praealtus,
718 2248 748 2313 ei
767 2269 864 2332 quem
883 2269 921 2312 ax
940 2247 1076 2312 adverso
1096 2260 1129 2309 2⁷

56 2334 221 2419 Hispania
242 2336 373 2401 adtollit
396 2337 556 2402 obiectus:
578 2338 665 2402 hune
683 2335 817 2402 Abilam
840 2336 933 2400 illum
953 2332 1078 2420 Calpen
1193 2376 1204 2397 .

56 2428 191 2508 voeant,
227 2423 404 2490 Columnas
441 2425 591 2491 Herculis
628 2427 810 2508 utrumque.
865 2425 954 2488 addit
990 2424 1079 2489 fama

22 2514 201 2578 anominis
224 2513 384 2597 fabulam,
411 2512 585 2579 Herculem
611 2515 720 2598 ipsum
747 2513 876 2577 iunctos
903 2513 983 2576 olim
1006 2533 1077 2594 per·

57 2605 157 2686 petuo
181 2601 259 2686 iugo
282 2601 450 2667 diremisse
473 2603 580 2685 eolles,
603 2609 701 2686 atque
723 2601 772 2666 ite
794 2601 957 2665 exclusum
981 2604 1078 2666 antea

58 2691 146 2756 mole
169 2689 329 2755 montium
353 2711 510 2756 oceanum
533 2689 674 2774 adquae
697 2711 783 2755 nuno
805 2688 942 2754 inundat
961 2690 1078 2754 admis-

58 2800 140 2842 sum.
185 2777 239 2842 hio
261 2779 328 2842 iam
351 2800 439 2843 mare
462 2778 562 2843 latius
585 2778 744 2862 funditur,
767 2778 999 2863 submotasque
1023 2800 1078 2843 va·

59 2866 140 2931 atius
173 2869 279 2931 terres
310 2885 429 2950 magno
457 2867 582 2950 impetu
613 2866 759 2931 inflectit.
809 2871 954 2931 ueterum
986 2867 1077 2950 regio
1097 2881 1131 2930 28

24 2953 215 3040 „ignobilis
239 2958 273 3018 et
291 2954 344 3018 vir
368 2956 539 3039 quiequam
557 2954 692 3019 inlustre
717 2954 834 3020 sortita
856 2955 965 3037 parvis
989 2954 1079 3038 oppi-

60 3043 113 3108 dis·
133 3043 319 3127 habitatur,
341 3065 441 3126 parva
463 3043 599 3108 fiumina
622 3042 756 3124 emittit,
784 3043 855 3109 solo
880 3065 977 3126 quam
1000 3043 1078 3107 viris

131 3260 157 3308 e.
175 3253 206 3307 in
224 3268 301 3307 mere
320 3253 348 3307 A
366 3220 397 3306 id
419 3268 494 3306 mare
517 3251 544 3306 r.
570 3253 606 3306 A.
632 3252 752 3307 Maeror
825 3259 865 3309 ro.
890 3250 957 3305 une
977 3251 1005 3305 A
1029 3249 1080 3304 rus

60 3341 80 3380 x
133 3325 212 3397 haell
223 3325 251 3379 A
269 3323 341 3378 haee
359 3340 379 3378 x
434 3329 476 3377 14.
495 3322 586 3391 adque
601 3322 800 3390 A¹atq11eA⁹
853 3321 1080 3392 promunturium

61 3395 101 3449 A¹
116 3393 343 3466 promuntorium
362 3393 403 3449 A*
452 3398 494 3450 18.
510 3394 593 3448 anteo
607 3394 635 3447 A
687 3399 728 3448 19.
744 3394 911 3448 exsectaA¹
926 3393 1024 3447 exeote
1038 3393 1080 3447 A¹

133 3508 175 3557 aa.
195 3501 312 3556 adtollit
326 3501 367 3555 Al
382 3499 490 3554 aranu
502 3500 544 3554 A²
617 3505 660 3555 au.
679 3463 709 3570 ai
727 3499 769 3554 A¹
840 3505 883 3555 ro.
903 3479 1024 3566 illustre
1038 3498 1080 3552 A1
