2424 3908
340 204 522 262 cuonoon.
540 207 580 260 111
600 212 624 263 a.
644 211 669 262 s.
690 211 706 281 o
725 208 852 276 (as-er)
1060 205 1102 270 63

87 370 242 433 secuntur
264 365 396 432 Vistula
420 389 515 432 amne
539 367 688 452 discreta,
711 390 775 452 qua
797 371 884 432 retro
909 367 979 432 abit
1001 389 1103 451 usque

86 454 128 520 ad
152 452 304 520 Histrum
327 455 446 521 flumen
469 456 654 521 inmittitur.
700 477 780 541 gens
802 456 918 521 habitu
942 455 1102 541 armisque

85 543 260 644 Parthicae
287 544 450 628 proxima,
477 567 589 610 verum
616 549 654 609 ut
681 545 761 609 caeli
784 545 956 628 asperioris
983 545 1032 610 ita
1054 545 1102 608 in·

59 651 314 785 ailitem&
334 633 680 806 tvtlltpttt}
704 636 746 786 t
765 636 942 786 tritt}
965 632 1103 804 titt
1122 650 1156 698 ³4

86 808 194 873 hostis
218 809 340 893 exegit,
367 810 421 874 ita
436 831 488 874 res
513 831 654 894 opesque
682 831 791 874 seeum
819 809 951 874 trahens
976 831 1103 893 semper

87 901 198 963 eastra
220 897 387 980 habitant,
414 898 582 981 bellatrix,
604 899 723 982 libera,
745 898 918 981 indomita,
945 902 979 962 et
1001 919 1103 980 usque

87 1006 125 1051 eo
155 985 299 1050 inmanis
327 990 423 1070 atque
447 990 541 1052 atrox
568 990 606 1051 ut
632 987 772 1051 feminae
796 987 897 1051 etiam
917 985 1006 1051 bella
1029 1007 1102 1049 oum

85 1074 166 1138 viris
185 1075 308 1158 ineant,
330 1079 429 1160 atque
451 1079 489 1140 ut
505 1075 633 1140 habiles
653 1076 727 1158 sint,
749 1075 837 1139 natis
857 1075 969 1139 statim
988 1073 1104 1138 dextra

49 1181 75 1221 ro
88 1162 236 1227 aduritur
258 1184 414 1247 mamma,
442 1163 517 1228 inde
540 1163 693 1247 expedita
715 1164 750 1227 in
776 1163 861 1227 ictus
884 1184 998 1228 manus
1021 1183 1102 1246 quae

88 1251 244 1336 exeritur,
276 1251 369 1317 virile
400 1252 439 1316 fit
470 1255 593 1336 peetus.
646 1273 739 1317 arcus
770 1251 916 1334 tendere,
948 1252 1103 1335 equitare,
1122 1267 1155 1316 35

87 1340 212 1423 venari,
235 1339 397 1423 puellaria
419 1362 521 1424 pensa
545 1345 629 1423 sunt,
651 1340 749 1405 ferire
771 1340 898 1405 hostem
921 1340 1103 1404 adultarum

88 1427 286 1511 stipendium
315 1433 379 1511 est,
406 1429 486 1495 adeo
514 1433 638 1494 utnon
666 1429 865 1512 percussisse
891 1449 951 1511 pro
974 1428 1102 1512 flagitio

86 1516 261 1595 habeatur,
285 1517 391 1600 sitque
416 1518 463 1582 eis
486 1539 609 1600 poenae
632 1517 815 1602 virginitas.

50 1624 73 1664 15
176 1603 255 1669 Inde
283 1605 382 1670 Asiae
415 1606 555 1671 eonfinia
587 1605 652 1671 nisi
683 1606 740 1670 ubi
772 1608 945 1688 perpetuae
977 1605 1102 1669 hiemes
1121 1585 1155 1710 {³6

88 1693 203 1757 sedent
222 1697 254 1758 et
272 1692 489 1759 intolerabilis
508 1695 608 1779 rigor.
646 1692 792 1778 Scythici
815 1694 928 1777 populi
946 1693 1103 1776 incolunt,

86 1781 153 1846 fere
177 1803 289 1846 omnes
314 1785 346 1846 et
369 1783 403 1846 in
426 1804 526 1847 unum
546 1782 663 1848 Beleae
688 1780 853 1866 adpellati.
898 1783 932 1845 in
955 1780 1102 1846 Asiatico

85 1870 184 1934 litore
205 1870 303 1954 primi
322 1869 527 1954 Hyperborei
551 1892 647 1954 super
671 1870 856 1954 aquilonem
874 1869 1103 1953 Riphaeosque

86 1962 217 2023 montes
241 1959 301 2024 sub
324 1959 395 2042 ipro
420 1958 562 2024 siderum
585 1959 715 2024 cardine
738 1958 857 2039 iaeent;
883 1958 941 2022 ubi
965 1959 1013 2022 sol
1036 1978 1102 2021 non

50 2065 74 2106 ro
88 2046 208 2111 cotidie
226 2050 264 2111 ut
281 2047 377 2111 nobis
396 2047 452 2112 sed
470 2048 612 2131 primum
632 2068 729 2112 verno
750 2045 953 2130 aequinoctio
973 2049 1103 2111 exortus

88 2136 274 2200 autumnali
297 2135 426 2201 demum
450 2135 580 2219 ooeidit3
594 2136 680 2202 -ideo
704 2157 760 2200 sex
783 2135 949 2200 mensibus
978 2135 1047 2200 dies
1071 2137 1104 2198 ot

86 2223 226 2288 totidem
250 2223 323 2288 aliis
347 2246 413 2289 nox
435 2247 537 2309 usque
561 2226 714 2290 continua
742 2227 800 2288 est.
846 2227 935 2288 terra
963 2227 1103 2308 angusta
1121 2239 1155 2288 3⁷

86 2313 201 2396 aprioa
227 2334 286 2396 per
314 2334 348 2378 se
375 2312 506 2378 fertilis.
551 2314 691 2378 eultores
718 2311 892 2378 iustissimi
920 2316 954 2376 et
981 2311 1102 2376 diutius

86 2422 187 2484 quam
210 2400 268 2464 ulli
291 2401 479 2466 mortalium
503 2406 537 2466 et
559 2402 686 2466 beatius
710 2402 832 2466 vivunt.
877 2401 997 2484 quippe
1018 2400 1102 2464 festo

48 2507 219 2574 asemper
242 2489 310 2553 otio
334 2490 413 2554 laeti
435 2511 502 2555 non
523 2490 611 2555 bella
632 2511 752 2554 novere
774 2510 841 2553 non
864 2489 979 2573 iurgia,
1002 2487 1103 2552 saeris

86 2577 215 2662 operati
247 2577 387 2644 maxime
420 2579 598 2662 Apollinis,
634 2599 772 2663 quorum
803 2576 965 2660 primitias
996 2575 1104 2641 Delon

85 2666 218 2730 misisse
245 2666 341 2732 initio
368 2688 427 2750 per
452 2667 597 2750 virgines
626 2687 714 2748 suas,
742 2665 855 2730 deinde
882 2687 940 2748 per
965 2666 1102 2748 populos

86 2753 226 2820 subinde
248 2754 413 2820 tradentes
437 2754 661 2838 ulterioribus,
685 2775 872 2837 moremque
896 2775 970 2817 eum
993 2754 1048 2817 diu
1071 2757 1103 2817 et

86 2843 192 2908 donee
214 2843 294 2908 vitio
314 2844 460 2929 gentium
478 2846 654 2908 temeratus
674 2846 725 2907 est
742 2863 889 2907 servasse
912 2843 1103 2906 referuntur.

44 2948 71 2990 eo
84 2930 240 2996 habitant
266 2932 357 2997 luoos
386 2932 564 3016 silvasque,
591 2931 704 2996 stubi
732 2953 787 2996 eos
810 2931 939 2994 vivendi
967 2931 1102 2995 satietas

86 3020 196 3105 magis
211 3042 307 3105 quam
321 3021 466 3086 taedium
480 3022 575 3105 oepit,
592 3020 715 3086 hilares
729 3018 872 3085 redimiti
891 3019 987 3083 sertis
1002 3021 1104 3083 semet

160 3202 185 3252 1.
199 3196 331 3248 secuntur
344 3194 386 3248 A¹
400 3195 554 3263 sequuntur
567 3193 607 3249 A*
663 3192 734 3250 abiit
750 3193 777 3246 A
796 3190 890 3247 abite
944 3197 970 3245 2.
984 3189 1105 3244 inmittit

86 3266 114 3322 A
133 3264 290 3319 inmittitur
305 3265 458 3322 Piretieaas
530 3271 554 3321 8.
573 3264 693 3318 inmanis
706 3264 747 3319 A¹
765 3261 895 3316 immanis
909 3261 949 3316 A²
1022 3267 1046 3314 9.
1061 3262 1103 3312 at-

86 3352 142 3405 que
161 3336 202 3390 A¹
222 3353 289 3394 corr.
365 3343 406 3392 17.
430 3334 569 3406 adpellati
590 3336 632 3390 A¹
655 3334 781 3405 appelati
803 3332 844 3388 A²
917 3339 960 3386 24.
984 3347 1040 3398 qua
1062 3331 1103 3385 A¹

87 3423 173 3476 quam
192 3406 232 3460 A*
306 3407 374 3462 olim
396 3408 437 3461 A¹
460 3406 514 3461 ulli
530 3406 571 3461 A³
648 3413 690 3461 29.
710 3403 882 3474 temperatus
901 3403 929 3456 A
950 3402 1102 3455 temeratus

87 3477 241 3534 Piatiaaas
314 3485 355 3534 31.
376 3477 480 3548 serti<s
501 3475 651 3551 se>m<et>
669 3477 697 3530 A
717 3477 832 3544 (litteras
849 3475 881 3529 io
898 3489 952 3529 ras.
972 3474 1037 3528 add.
1051 3472 1103 3542 ΑΒ)
