2424 3908
113 192 155 257 58
457 186 635 245 POMPONII
652 189 779 245 Munna

114 377 169 420 eos
187 353 335 418 Tamaris
355 357 389 418 et
404 351 479 417 Sars
497 352 633 417 flumina
651 375 717 418 non
735 353 834 438 longe
853 355 926 417 orta
944 353 1129 438 decurrunt,

114 443 260 508 Tamaris
290 441 463 506 secundm
486 441 597 506 Ebora
619 446 765 525 portum,
789 440 865 507 Sars
889 441 980 506 iuxta
1002 446 1130 507 turrem

113 531 256 616 Augusti
284 531 384 595 titulo
412 529 665 595 memorabilem.
711 534 818 595 cetera
846 551 942 613 super
965 529 1129 596 Tamarici

112 619 254 705 Nerique
278 619 424 684 incolunt
446 619 480 682 in
504 639 541 682 eo
565 621 672 682 tractu
694 618 813 683 ultimi.
857 618 1015 684 hactenus
1043 619 1130 684 enim

62 727 95 774 12
115 708 154 772 ad
193 706 392 772 occidentem
433 728 527 772 versa
563 705 661 771 litora
700 708 874 791 pertinent.
933 707 1048 771 deinde
1091 707 1152 772 ads

115 795 351 879 septentriones
383 797 454 860 toto
481 795 583 859 latere
615 797 704 858 terra
731 795 930 860 convertitur
957 817 976 859 a
1004 793 1130 861 Celtico

115 884 341 967 promunturio
365 883 406 947 ad
425 881 613 967 Scythicum
636 905 746 967 usque.
791 887 949 967 perpetua
971 883 1041 948 eius
1064 905 1131 966 ora,

113 972 178 1037 nisi
201 972 257 1037 ubi
280 971 398 1036 modici
425 992 570 1036 recessus
599 993 636 1036 ac
663 993 764 1055 parva
789 972 1018 1055 promunturia
1046 975 1131 1055 sunt,

63 1082 94 1129 13
114 1060 155 1125 ad
174 1059 355 1126 Cantabros
378 1081 480 1144 paene
502 1063 593 1124 recta
615 1064 674 1124 est.
720 1059 755 1123 in
778 1081 816 1123 ea
838 1060 980 1144 primum
996 1060 1131 1125 Artabri

115 1153 191 1214 sunt
222 1150 399 1214 etiamnum
418 1145 569 1213 ¹Celticae
601 1148 722 1232 gentis,
754 1147 868 1212 deinde
899 1149 1046 1232 Astyres.
1096 1149 1163 1214 inu

115 1237 266 1301 Artabris
294 1237 383 1301 sinus
413 1258 467 1301 ere
494 1241 636 1320 angusto
664 1236 842 1301 admissum
870 1258 959 1301 mare
987 1257 1054 1301 non
1078 1259 1131 1301 an-

116 1328 212 1411 gusto
235 1325 360 1390 ambitu
379 1325 541 1409 excipiens
559 1324 775 1389 Adrobricam
793 1325 907 1389 urbem
926 1329 958 1389 et
977 1328 1133 1410 quattuor

115 1414 259 1478 amnium
297 1413 382 1478 ostia
411 1413 563 1497 incingit:
601 1411 663 1477 duo
700 1413 800 1477 etiam
835 1414 920 1478 inter
956 1413 1131 1478 accolentis

115 1501 274 1587 ignobilia
298 1506 383 1585 sunt,
405 1523 463 1584 per
486 1501 552 1565 alia
574 1500 755 1566 Ducanaris
779 1502 846 1566 exit
869 1505 901 1566 et
919 1501 1052 1585 Libyca
1098 1502 1132 1566 in

116 1591 273 1674 Astyrum
295 1590 392 1655 litore
410 1588 526 1675 Noega
549 1593 600 1653 est
617 1589 781 1672 oppidum,
805 1592 838 1654 et
860 1594 927 1655 tres
951 1611 1027 1654 arae
1050 1611 1130 1674 quas
1143 1603 1164 1646 1⁶

117 1678 283 1743 Sestianas
302 1681 422 1744 vocant
439 1679 473 1743 in
487 1678 698 1761 paeneinsula
716 1677 830 1742 sedent
849 1682 882 1742 et
900 1681 976 1743 sunt
992 1677 1133 1762 Augusti

65 1784 97 1833 14
116 1767 246 1832 nomine
270 1789 380 1832 sacrae
398 1766 640 1849 inlustrantque
658 1769 762 1831 terras
786 1770 861 1830 ante
879 1765 1052 1850 ignobiles.
1099 1770 1133 1831 at

116 1855 157 1920 ab
194 1876 232 1920 eo
264 1855 397 1920 flumine
433 1854 519 1938 quod
552 1853 674 1920 Saliam
706 1858 824 1919 vocant
860 1854 1020 1939 incipiunt
1056 1876 1132 1920 orae

116 1944 275 2027 paulatim
306 1943 466 2026 recedere,
499 1947 532 2008 et
561 1942 647 2009 latae
681 1942 786 2008 adhuc
813 1942 992 2027 Hispaniae
1026 1943 1132 2028 magis

117 2033 286 2116 magisque
310 2031 417 2114 spatia
446 2031 650 2116 contrahere,
677 2031 881 2132 usqueadeo
910 2035 1013 2096 semet
1035 2031 1163 2096 terrisrr

117 2119 386 2272 ttttttt’
404 2123 459 2272 si*
472 2119 992 2292 qilruebit’tliilgtiltulll
1010 2140 1133 2273 eiiii

65 2313 98 2363 15
118 2295 316 2360 occidentem
347 2295 425 2360 litus
458 2296 679 2380 exporrigunt.
732 2299 874 2361 tractum
906 2293 1065 2361 Cantabri
1102 2299 1132 2360 et

117 2383 267 2449 Vardulli
293 2387 417 2448 tenent:
446 2380 685 2449 Cantabrorum
713 2385 838 2468 aliquot
865 2384 979 2468 populi
1007 2405 1132 2449 amnes·

190 2541 353 2611 apertum
371 2541 399 2593 A
416 2541 530 2610 portum
548 2556 564 2595 e
636 2547 662 2594 3.
681 2547 706 2595 4.
725 2538 827 2594 tamari
845 2537 988 2608 cinerique
1007 2539 1036 2594 A
1108 2545 1132 2594 6.

119 2610 274 2682 septinessls
289 2612 318 2665 A
336 2609 541 2692 septentriones
560 2627 576 2666 o
647 2615 673 2667 8.
693 2627 726 2665 aa
744 2617 807 2666 aute
824 2625 913 2679 parva
930 2609 971 2663 Α*
990 2611 1022 2665 ia
1044 2611 1132 2680 spatio

117 2698 204 2737 caeso
277 2687 317 2736 10.
338 2683 495 2735 etranasum
508 2682 536 2735 A
555 2679 708 2735 etiamnum
726 2681 837 2738 Vossius
909 2680 1092 2737 1111111111
1107 2680 1134 2734 A

118 2750 247 2805 Artabris
265 2769 285 2806 a
331 2749 337 2763 “
358 2758 400 2805 11.
421 2758 462 2809 12.
481 2768 538 2806 non
557 2758 621 2808 cate
639 2754 759 2822 angusto
778 2751 819 2806 A¹
837 2755 869 2808 a'a
886 2753 977 2822 spatio
994 2768 1083 2808 cocao

120 2829 162 2877 14.
182 2824 211 2876 et
228 2822 324 2890 libyca
342 2820 382 2875 A¹
400 2823 433 2876 a'a
455 2824 544 2944 sfatic
567 2839 653 2878 caeso
727 2829 767 2878 11.
787 2839 875 2878 noeca
898 2824 926 2877 A
943 2821 1044 2892 Noega
1061 2822 1133 2877 Bar·

446 2910 465 2946 u

120 2895 203 2948 baras
255 2899 296 2949 16.
310 2892 445 2962 paeneins
477 2893 548 2946 aA¹
562 2909 630 2948 corr.
677 2893 791 2962 augusti
804 2895 846 2948 A¹
859 2911 928 2949 corr.
981 2900 1023 2949 1⁷.
1039 2907 1134 2948 sacrae

119 2964 161 3018 Aa
178 2966 211 3018 ia
223 2965 313 3033 spatio
327 2980 413 3019 cocao
467 2963 675 3035 inlustrantque
689 2981 758 3019 corr.
776 2963 977 3032 illustrantque
991 2964 1019 3017 A
1094 2969 1134 3018 17.
1150 2989 1154 2993 -

121 3041 162 3091 18.
177 3036 208 3088 at
221 3034 257 3088 ab
272 3050 305 3088 eo
319 3034 361 3088 A²
374 3035 406 3088 ia
418 3035 508 3103 spatio
521 3051 608 3090 eccae
655 3040 697 3090 18.
710 3033 851 3105 incipiunt
866 3051 930 3090 orae
945 3033 986 3088 A¹
1000 3034 1135 3104 iaapotio

118 3121 205 3160 uacuo
222 3105 340 3174 exemtis
358 3106 455 3160 litteris
473 3103 503 3158 in
577 3110 618 3161 19.
638 3105 712 3160 latae
731 3105 823 3175 adhue
841 3105 882 3160 A²
900 3107 1018 3175 exemtis
1037 3105 1136 3161 litteris

118 3176 174 3230 huc
199 3177 232 3230 ia
252 3177 341 3245 spatio
364 3191 450 3230 oacrw
526 3182 569 3230 20.
594 3175 758 3230 contrahere
780 3194 869 3246 usque
898 3176 969 3230 adeo
993 3177 1084 3230 semet
1107 3177 1136 3230 et

119 3249 207 3302 terras
230 3244 446 3316 engorstantibus
470 3248 503 3300 ut
525 3263 620 3300 earum
643 3247 684 3300 A¹
706 3250 826 3318 exceptis
853 3248 950 3303 litteris
978 3248 1079 3300 contm
1104 3249 1136 3302 ia

119 3320 209 3389 spatio
230 3334 317 3444 m
380 3318 469 3442 ⁸⁰le
492 3319 522 3371 et
542 3316 691 3444 tthraxslazls²
710 3317 962 3442 1111111111118111ἣ1ᾕ1
994 3324 1058 3401 11.
1073 3322 1137 3445 11ιὲοὲ

120 3405 215 3443 earum
296 3405 417 3443 .rerum
486 3405 580 3458 capus
674 3405 757 3444 cauas
857 3407 882 3442 r1
988 3406 1020 3443 aa
1041 3405 1074 3458 sp

118 3475 205 3515 caeso
