2424 3908
111 188 155 253 60
458 185 639 242 POMPONII
655 184 781 240 MELAE

112 349 247 434 effluxit,
269 349 423 414 videlicet
445 352 482 413 ut
499 348 607 414 forent
626 348 666 413 sd
688 348 777 412 bella
795 347 955 430 meliores,
980 348 1125 411 aeternas

112 460 183 503 esse
207 439 332 502 animas
350 437 516 520 vitamque
541 437 677 501 alteram
697 436 740 501 ad
758 457 879 501 manes.
924 435 1040 518 itaque
1058 454 1126 498 cum

111 527 248 591 mortuis
276 528 422 591 cremant
449 545 486 590 ac
509 525 677 589 defodiunt
704 527 782 608 apta
808 523 1005 589 viventibus.
1052 521 1127 587 olim

111 615 319 699 negotiorum
341 613 427 678 ratio
451 613 550 677 etiam
571 617 606 679 et
629 614 756 678 exactio
780 611 897 677 crediti
925 610 1129 676 deferebatur

113 703 154 768 ad
182 701 317 785 inferos,
349 705 505 785 erantque
531 703 587 785 qui
615 722 650 765 se
676 702 712 766 in
743 721 841 785 rogos
875 720 1010 764 suorum
1043 699 1148 764 velate

62 808 96 856 20
115 813 179 855 nna
196 790 316 854 victuri
339 790 479 854 libenter
497 789 713 855 inmitterent.
756 789 847 874 regio
867 810 966 872 quam
983 787 1129 853 incolunt

115 879 221 942 omnis
242 877 380 944 Comata
399 876 515 943 Gallia.
555 879 750 961 populorum
767 879 833 941 tria
852 898 980 941 summa
999 874 1130 941 nomina
1169 904 1172 955 l

114 970 205 1049 sunt,
236 966 520 1052 terminanturque
555 966 662 1030 fluviis
694 965 892 1055 ingentibus
939 985 1085 1048 namque
1113 972 1172 1029 a*

114 1055 284 1139 Pyrenaeo
308 1055 348 1118 ad
367 1054 556 1120 Garunnam
574 1054 742 1138 Aquitani,
764 1050 804 1118 ab
827 1075 865 1119 eo
889 1053 929 1118 ad
947 1048 1172 1137 Sequanam

116 1142 240 1226 Celtae,
271 1143 347 1206 inde
376 1143 416 1207 ad
443 1143 594 1207 Rhenum
626 1143 790 1226 pertinent
816 1140 947 1225 Belgae
997 1139 1054 1226 Aq
1053 1141 1159 1205 uite-s

115 1252 232 1296 norum
261 1230 434 1295 clarissimi
462 1235 538 1296 sunt
564 1229 678 1313 Ausci,
706 1229 872 1295 Celtarum
893 1229 1038 1313 Haedui,
1061 1227 1131 1293 Bel·

115 1339 232 1404 garum
260 1317 409 1402 Treveri,
436 1320 596 1402 urbesque
624 1318 891 1402 opulentissimae
917 1318 954 1382 in
982 1315 1131 1382 Treveris

115 1410 276 1492 Augusta,
298 1406 334 1470 in
351 1405 496 1472 Haeduis
514 1404 798 1490 Augustodunum,
821 1407 855 1470 in
872 1406 991 1470 Auscis
1009 1405 1132 1471 Elium·

61 1512 95 1560 21
115 1496 256 1561 berrum.
303 1494 457 1560 Garunna
485 1516 523 1559 ex
545 1495 712 1579 Pyrenaeo
740 1498 851 1560 monte
874 1494 1044 1578 delapsus,
1069 1493 1131 1559 nisi

116 1605 189 1648 cum
212 1583 350 1647 hiberno
378 1583 483 1647 imbre
508 1586 565 1647 aut
588 1583 703 1647 solutis
726 1583 855 1647 nivibus
882 1583 1054 1666 intumuit,
1079 1581 1161 1646 diua

116 1671 256 1736 vadosus
275 1674 308 1734 et
325 1671 379 1735 vix
397 1671 594 1757 navigabilis
613 1671 726 1737 fertur.
761 1675 797 1736 at
813 1671 870 1736 ubi
888 1671 1005 1736 obvius
1021 1670 1132 1737 oceani

117 1760 336 1825 exaestuantis
363 1761 546 1824 accessibus
575 1760 731 1826 adauctus
758 1763 823 1843 est,
851 1759 1020 1843 isdemque
1047 1761 1131 1825 re'tm

116 1848 338 1914 remeantibus
358 1871 433 1913 suas
452 1849 607 1932 illiusque
624 1870 727 1932 aquas
746 1849 825 1932 agit,
844 1848 1049 1932 aliquantum
1067 1847 1131 1931 ple·

115 1937 203 2021 nior,
231 1941 264 2002 et
287 1940 409 2020 quanto
432 1938 538 2021 magis
561 1937 708 2020 procedit
735 1957 773 2001 eo
802 1936 902 2001 latior
928 1935 980 2020 fit,
1009 1936 1051 2000 sd
1078 1956 1131 2019 po

116 2030 275 2090 stremum
289 2026 401 2108 magni
414 2024 491 2090 freti
501 2025 632 2108 similis,
646 2047 706 2089 nec
720 2026 845 2090 maiora
856 2027 988 2089 tantum
1000 2023 1161 2109 navigia!

116 2113 250 2196 tolerat,
272 2133 386 2177 verum
408 2134 500 2178 more
522 2113 622 2177 etiam
644 2114 755 2196 pelagi
775 2113 949 2178 saevientis
974 2132 1131 2196 exurgens

117 2201 221 2266 iactat
242 2200 436 2284 navigantes
461 2201 628 2283 atrociter,
647 2202 763 2284 utique
786 2202 815 2265 si
838 2200 903 2265 alio
925 2205 1044 2266 ventus
1070 2201 1131 2266 alio

64 2305 98 2353 aa
117 2288 204 2352 unda
216 2288 422 2371 praecipitat.
454 2288 490 2353 in
509 2310 546 2353 eo
561 2292 612 2352 est
629 2288 738 2353 insula
750 2289 873 2354 Antros
891 2289 1024 2354 nomine
1037 2309 1132 2374 quam
1163 2320 1167 2335 ·

117 2375 257 2460 pendere
289 2380 323 2441 et
350 2376 467 2442 adtolli
495 2377 588 2462 aquis
620 2377 875 2442 increscentibus
907 2377 980 2442 ideo
1008 2377 1132 2443 incolae

117 2465 320 2549 existimant,
347 2465 519 2549 quiscum
541 2465 712 2531 videantur
739 2465 877 2530 editiora
903 2465 975 2549 quis
998 2466 1161 2548 obiacet*

117 2554 174 2618 ubi
197 2576 232 2620 se
255 2554 372 2619 fluctus
396 2554 546 2638 implevit
566 2555 625 2619 illa
649 2554 764 2638 operit,
786 2554 867 2619 haec
889 2558 926 2619 ut
948 2555 1040 2638 prins
1064 2558 1132 2620 tan·

118 2647 187 2705 tum
211 2642 368 2726 ambitur,
395 2646 428 2708 et
450 2642 535 2727 quod
558 2665 597 2707 ea
620 2643 736 2726 quibus
761 2647 835 2707 ante
858 2642 949 2726 ripae
972 2642 1132 2727 collesque

117 2751 158 2793 ne
178 2733 384 2794 cernerentur
403 2731 608 2813 obstiterant,
626 2735 703 2796 tunc
716 2731 806 2795 velut
824 2752 863 2795 ex
876 2731 949 2795 loeo
968 2731 1132 2815 superiore

64 2834 98 2882 23
118 2818 288 2901 perspicua
311 2822 396 2881 sunt.
442 2819 483 2882 ab
503 2818 676 2883 Garunnae
700 2820 788 2883 exitu
807 2820 895 2884 latus
918 2818 999 2883 illud
1018 2818 1133 2902 incipit

189 3051 214 3100 6.
233 3043 411 3099 inmitterent
433 3043 474 3096 A¹
496 3042 682 3098 immitterent
704 3043 746 3099 A²
818 3051 842 3099 9.
868 3043 1014 3114 aquitania
1036 3046 1065 3099 A

118 3120 159 3170 13
175 3117 313 3183 augausta
330 3115 372 3168 A¹
386 3115 506 3184 augusta
520 3113 560 3169 A*
615 3115 842 3184 augustodunum
855 3117 884 3170 A
939 3122 980 3170 14.
995 3128 1135 3196 garrunm

116 3186 157 3240 A¹
172 3200 299 3254 garunna
315 3184 357 3239 A¹
411 3185 537 3239 dilabsus
551 3185 592 3240 A¹
606 3202 674 3241 corr.
690 3186 857 3256 delapsusc
913 3193 954 3241 16.
973 3179 1090 3252 vadosis
1107 3186 1134 3241 A

191 3314 232 3366 18.
251 3305 413 3380 illiuslssque
432 3310 460 3363 A
532 3315 574 3364 20.
594 3259 738 3382 navigatio
751 3310 778 3364 A
851 3316 893 3366 24.
913 3309 1015 3364 adtolli
1034 3311 1076 3367 A¹
1094 3312 1134 3365 at-

117 3378 309 3504 qpitllqqu
268 3448 309 3505 Α
319 3385 362 3434 2⁷.
387 3379 477 3434 ambit
497 3382 526 3435 A
549 3380 671 3434 ambitur
689 3398 710 3435 rc
781 3386 825 3436 28.
849 3380 1000 3435 obstiterat
1023 3382 1065 3438 A¹
1088 3380 1133 3435 ob
