2424 3908
128 191 172 256 24
478 154 797 246 Pomounnamn

129 348 295 438 Thracius,
317 357 355 419 ιιι
373 353 493 419 dictum
514 357 573 437 est,
594 353 796 437 Bosphorus.
840 351 923 437 ipsis
942 352 977 415 in
995 350 1146 416 faucibus

129 441 294 526 oppidum,
311 442 347 505 in
361 463 417 507 ore
430 441 590 525 templum
604 444 667 506 est:
688 441 801 524 oppidi
817 461 936 505 nomen
951 438 1144 523 Calchedon,

128 533 242 595 auctor
264 529 403 594 Archias
426 528 669 615 Megarensium
691 529 854 612 princeps,
884 527 1000 612 templi
1022 547 1144 592 numen

65 615 290 702 1021uppitor,
322 618 470 683 conditor
506 621 557 682 est
587 616 671 682 Iaso.
724 616 779 680 hic
814 616 879 682 iam
917 637 987 680 sese
1025 615 1145 699 ingens

126 704 250 770 Pontus
283 705 401 790 aperit,
431 705 497 771 nisi
528 726 593 788 qua
619 705 847 788 promunturia
879 707 968 787 sunt,
999 702 1064 768 huo
1093 707 1178 768 aar

126 814 189 877 que
221 792 300 859 illuc
331 793 432 878 longo
467 796 620 877 rectoque
656 792 762 857 limite
794 795 959 875 extentus,
995 791 1144 856 sinuatus

127 883 246 964 cetera,
278 881 334 946 sed
366 881 442 964 quia
469 883 583 946 contra
614 881 722 946 minus
750 902 848 965 quam
878 879 918 944 ad
949 880 1078 945 laevam
1111 882 1145 945 et

125 968 273 1034 dextram
309 968 483 1052 abscessit,
518 961 737 1053 mollibusque
768 969 912 1052 fastigiis
950 967 1052 1032 donec
1088 986 1145 1031 an-

126 1061 241 1142 gustos
264 1058 427 1141 utrimque
452 1018 589 1159 ahgulos
612 1057 713 1143 faciat
734 1056 920 1139 inflectitur,
942 1055 984 1120 ad
1002 1054 1144 1119 formam

126 1143 262 1228 scythici
284 1166 379 1210 arcus
401 1145 542 1210 maxime
564 1145 725 1210 incurvos.
770 1144 888 1228 brevis,
911 1147 1018 1226 atrox,
1039 1142 1179 1208 nebu-1⁰

126 1232 231 1315 losus,
266 1233 350 1297 raris
383 1232 593 1334 stationibus,
624 1254 692 1297 non
722 1232 814 1297 molli
845 1252 950 1316 neque
981 1231 1144 1297 harenoso

125 1320 343 1385 circumdatus
371 1321 481 1404 litore,
508 1321 632 1385 vicinus
661 1320 944 1404 aquilonibus‚et
911 1319 1050 1403 aquia
1076 1339 1145 1384 non

123 1407 301 1490 profundus
324 1411 375 1472 est
360 1408 574 1473 tfluctuosus
597 1412 697 1492 atque
714 1408 853 1491 fervens,
876 1408 955 1472 olim
975 1428 1014 1471 ex
1037 1408 1144 1471 colen·

123 1495 208 1560 tium
227 1517 324 1561 saevo
348 1496 547 1560 admodum
537 1497 669 1579 ingenio
688 1496 830 1574 Axenus,
853 1498 930 1580 post
948 1495 1144 1561 commercio

125 1584 263 1648 aliarum
291 1584 436 1670 gentium
463 1584 601 1648 mollitis
629 1546 833 1669 aliquantum
860 1583 1006 1649 moribus
1036 1583 1180 1648 dictus1⁶

63 1688 113 1737 109
122 1670 281 1738 Euxinus
325 1673 360 1737 in
388 1692 426 1739 eo
454 1673 595 1756 primum
618 1671 827 1756 Mariandyni
848 1673 962 1736 urbem
989 1671 1144 1736 habitant

124 1759 165 1824 ab
202 1759 346 1846 Argivo,
387 1763 424 1825 ιιι
409 1760 587 1845 tferunt,
627 1759 766 1825 Hercule
804 1760 922 1825 datam.
981 1759 1144 1824 Heraclea

123 1848 298 1932 vocitatur,
332 1811 366 1914 id
393 1848 501 1914 famae
532 1849 629 1914 fidem
662 1849 769 1914 adicit
819 1848 910 1913 iuxta
942 1869 1057 1930 specus
1091 1850 1143 1913 est

85 1989 88 1994 .
123 1935 304 2002 Acherusia
336 1937 379 2003 ad
405 1959 531 2021 manes,
562 1941 601 2001 ιιι
627 1937 732 2020 aiunt,
763 1936 906 2020 pervius,
939 1938 1037 2020 atque
1066 1936 1142 2000 inde

62 2040 114 2089 104
125 2028 307 2090 extrusum
329 2022 506 2090 Cerberum
535 2025 732 2089 existimant.
776 2029 847 2089 tum
870 2024 947 2089 Tios
976 2023 1141 2108 oppidum,
1154 2036 1181 2078 ἰ

123 2111 326 2177 Milesiorum
354 2113 483 2197 quidem
516 2113 659 2196 colonia,
689 2112 788 2177 sed
777 2133 844 2178 ram
876 2112 940 2177 soli
968 2112 1142 2197 gentisque

124 2199 387 2286 Paphlagonum,
412 2221 550 2284 quorum
572 2201 608 2264 in
631 2200 784 2265 litoribus
802 2221 905 2284 paene
927 2200 1042 2265 mediis
1066 2221 1142 2283 pro·

123 2289 325 2353 manturium
340 2291 390 2352 est
375 2285 583 2372 tCarambis,
602 2288 685 2354 citra
699 2287 895 2354 Parthenius
910 2288 1025 2373 amnis,
1042 2288 1141 2352 urbes

124 2374 275 2441 Sesamus
298 2378 332 2440 et
350 2374 509 2442 Cromnos
533 2381 567 2441 et
589 2399 609 2441 a
632 2375 786 2461 Cytisoro
803 2376 917 2443 Phrixi
939 2376 1007 2440 filio
1031 2377 1143 2459 posita

124 2462 277 2548 Cytoros3
294 2468 366 2530 tum
381 2462 559 2530 Cinolist
526 2486 543 2529 e
544 2462 763 2549 tCollyriset
781 2486 864 2550 quae
877 2463 1140 2550 Paphlagoniam
1152 2475 1180 2517 ιδ

61 2567 113 2618 105
122 2551 196 2618 finit
221 2551 373 2620 Armene.
423 2551 585 2638 Chalybes
618 2553 757 2638 proximi
789 2552 987 2619 clarissimas
1014 2552 1141 2617 habent

123 2640 262 2706 Amison
285 2644 318 2706 et
340 2639 491 2726 Sinopen,
514 2641 618 2725 cynici
641 2640 798 2727 Diogenis
821 2642 972 2726 patriam,
995 2641 1141 2706 amnium

122 2727 236 2811 Halyn
268 2733 301 2792 et
327 2729 578 2795 Thermodonta
630 2729 805 2794 secundum
836 2728 948 2814 Halyn
979 2729 1057 2793 urbs
1090 2731 1143 2793 est

125 2816 276 2899 Lycasto,
300 2820 335 2880 at
353 2817 595 2883 Thermodonta
617 2839 759 2902 campus.
803 2819 838 2881 in
857 2840 894 2882 eo
912 2817 976 2882 fuit
994 2815 1142 2881 Themis·

196 3031 219 3079 1.
237 3024 309 3095 bosp
311 3040 375 3079 orus
394 3025 435 3078 A¹
452 3025 609 3096 bosphorus
628 3026 669 3079 A¹
740 3032 765 3079 4.
787 3022 958 3079 conditore
950 3039 1010 3078 raso
1028 3025 1057 3078 A
1076 3040 1142 3106 oon-

121 3095 199 3149 ditor
221 3095 266 3149 est
282 3044 349 3150 ibeo
367 3095 495 3151 Bursian
566 3103 590 3151 9.
609 3096 721 3165 utrique
739 3097 767 3150 A
784 3094 965 3164 utrimqueo
1038 3102 1079 3151 10
1098 3094 1142 3148 in-

122 3175 222 3220 curvos
240 3167 281 3221 sio
297 3167 326 3220 A
399 3172 440 3222 11.
459 3166 597 3221 harenoso
615 3167 657 3221 A²
675 3182 794 3221 arenoso
813 3166 855 3219 A'
927 3172 968 3220 13
988 3165 1080 3234 adque
1098 3167 1143 3219 A¹

121 3239 206 3306 atque
223 3235 266 3290 A'
325 3243 366 3291 16.
384 3235 550 3304 mariandyn
551 3237 596 3290 aei
613 3237 641 3291 A
703 3243 745 3291 19.
762 3235 829 3291 inde
846 3234 921 3289 unde
939 3236 968 3289 A
985 3184 1086 3291 indeo

120 3315 164 3364 99.
184 3309 316 3378 cythoros
330 3307 358 3361 A
412 3309 480 3361 tuno
494 3254 550 3360 Ayn
535 3309 627 3362 tuma
681 3306 805 3374 cynohus
820 3306 848 3359 A
862 3305 969 3360 Cinolis
985 3306 1142 3361 Pisatiuaua

179 3385 222 3434 26.
243 3377 358 3447 calybes
377 3379 405 3432 A
468 3383 511 3432 99.
530 3379 561 3431 at
578 3379 617 3432 ιιι
636 3378 664 3431 A
721 3377 939 3431 thermodoonta
957 3376 998 3429 A¹
1016 3376 1142 3430 thermo-

121 3451 210 3503 donta
226 3449 269 3502 A’
342 3448 544 3503 themiscurum
562 3447 603 3501 A¹
620 3447 830 3516 themyscurum
848 3447 889 3501 A²
993 3509 998 3517 ,
