2424 3908
158 191 201 255 46
504 192 685 250 POMPONII
702 192 827 249 Mansa

158 354 290 440 grandis
314 358 347 420 et
370 354 507 420 subinde
535 355 690 440 grandior
712 356 800 420 inter
821 354 944 421 Volcae
972 360 1005 421 et
1028 356 1175 425 (laveras

104 459 138 510 80
158 444 327 509 emittitur.
359 444 447 509 ultra
465 446 541 508 sunt
559 448 677 528 stagna
695 442 882 528 Volcarum,
899 444 1023 510 Ledum
1041 447 1174 533 flumen,

156 532 327 596 castellum
349 530 485 616 Latara,
512 530 625 597 Mesua
652 532 747 597 collis
770 532 930 598 incinctus
957 535 1041 599 mari
1069 556 1174 619 paene

155 619 311 704 undique,
333 641 371 685 ao
392 620 459 685 nisi
481 619 567 705 quod
592 623 732 704 angusto
761 641 882 708 aggere
909 622 1091 688 continenti
1115 624 1170 689 ad·

154 708 298 772 nectitur
324 708 441 774 insula.
492 712 563 773 tum
591 729 630 772 ex
658 707 818 774 Cebennia
847 709 1006 774 demissus
1034 711 1196 777 Araurhs

101 815 135 864 81
155 795 249 861 iuxta
260 794 427 882 Agathan,
445 796 621 862 secundum
633 795 787 862 Beterras
801 795 899 862 Orbis
914 797 996 862 fluit.
1028 798 1120 864 Atax
1133 821 1171 865 ex

153 882 320 968 Pyrenaeo
344 888 454 950 monte
477 885 658 970 degressus,
681 907 746 969 qua
763 885 814 950 sui
836 884 938 950 fontis
957 887 1052 970 aquis
1071 888 1171 968 venit,

153 972 289 1058 exiguus
318 973 483 1058 vadasque
510 975 574 1056 est,
606 976 640 1038 et
666 973 733 1037 iam
760 973 904 1057 ingentis
932 974 1056 1058 alioqui
1083 975 1171 1041 alvei

152 1064 266 1127 tenens
295 1060 360 1127 nisi
392 1062 450 1127 ubi
480 1060 671 1128 Narbonem
708 1061 850 1146 adtingit
881 1083 1043 1146 nusquam
1079 1063 1170 1128 navi·

152 1148 282 1235 gabilis,
304 1149 362 1215 sed
384 1172 457 1217 cum
479 1149 626 1215 hibernis
645 1149 802 1214 intumuit
824 1149 983 1215 imbribus
1003 1172 1108 1235 usque
1131 1173 1204 1217 eon

152 1236 268 1303 solitus
290 1238 460 1324 insurgere
482 1243 520 1304 ut
543 1260 577 1304 ae
599 1238 671 1322 ipse
692 1259 759 1302 non
777 1238 894 1321 capiat
939 1238 1029 1304 lacus
1048 1239 1173 1323 accipit

151 1346 226 1391 eum
248 1325 435 1392 Rubraesus
458 1327 590 1392 nomine
613 1326 781 1410 spatiosus
805 1325 994 1411 admodum,
1024 1327 1081 1393 sed
1105 1349 1169 1412 qua

97 1433 130 1482 82
151 1435 241 1479 mare
265 1415 410 1480 admittit
432 1415 541 1480 tenuis
563 1414 663 1479 aditu.
708 1413 796 1479 ultra
820 1418 869 1478 est
892 1413 1035 1480 Leucata
1058 1415 1167 1497 litoris

149 1523 269 1567 nomen
296 1505 329 1568 et
352 1501 501 1568 Salsulae
523 1503 612 1586 fons,
639 1523 706 1567 non
729 1501 877 1567 dulcibus
901 1504 994 1587 aquis
1023 1503 1167 1570 defluam

150 1591 206 1655 sed
226 1590 416 1657 salsioribus
429 1591 530 1657 etiam
544 1613 643 1676 quam
655 1591 801 1656 marinae
816 1594 907 1675 sunt,
925 1592 1018 1657 iuxta
1031 1613 1166 1678 campus
1178 1612 1203 1656 a

148 1679 275 1744 minuta
292 1678 473 1744 harundine
492 1679 669 1764 gracilique
687 1678 869 1764 perviridis,
887 1683 1032 1744 ceterum
1047 1684 1167 1767 stagno

149 1766 307 1832 subeunte
335 1790 520 1853 suspensus.
570 1768 604 1832 id
633 1768 823 1834 manifestat
849 1768 957 1833 media
987 1790 1066 1852 pars
1097 1770 1167 1834 eius

148 1877 230 1940 quae
254 1856 399 1923 abscissa
416 1857 575 1942 proximis
598 1858 688 1922 velut
709 1856 819 1922 insula
835 1859 939 1939 natat,
962 1856 1108 1941 pellique
1132 1879 1166 1923 aa

94 1962 128 2011 83
148 1947 246 2028 atque
269 1946 400 2012 adtrahi
423 1947 557 2030 patitur.
603 1945 683 2031 quin
701 1949 735 2010 et
758 1967 796 2010 ex
818 1943 974 2030 hisquae
997 1944 1040 2010 ad
1062 1945 1166 2011 imum

146 2032 296 2116 perfossa
323 2038 400 2100 sunt
422 2035 581 2099 suffusum
603 2055 694 2099 mare
717 2032 907 2101 ostenditur.
952 2032 1039 2099 unde
1066 2031 1197 2099 Graiae

144 2121 330 2204 nostrisque
367 2122 467 2186 etiam
504 2121 707 2206 auctoribus,
747 2120 856 2186 verine
897 2121 1087 2206 ignorantia
1124 2143 1166 2188 an

145 2208 359 2292 prudentibus
386 2211 487 2274 etiam
514 2209 675 2274 mendacii
702 2209 848 2274 lubidine
879 2209 987 2274 visum
1015 2213 1067 2274 est
1099 2213 1165 2276 tra·

145 2295 220 2360 dere
251 2297 406 2382 posteris,
437 2298 473 2361 in
496 2319 534 2362 ea
560 2298 695 2382 regione
722 2297 845 2381 piscem
872 2320 890 2364 e
917 2301 1006 2363 terra
1031 2299 1164 2382 penitus

146 2385 227 2468 erui,
260 2385 347 2470 quod
377 2386 433 2450 ubi
461 2408 501 2450 ex
528 2385 596 2450 alto
628 2384 796 2472 hucusque
823 2386 1007 2470 penetravit
1033 2407 1093 2472 per
1127 2409 1164 2453 ea

92 2491 127 2542 84
144 2471 307 2540 foramina
328 2474 397 2540 ictu
420 2474 623 2560 captantium
646 2474 836 2539 interfectus
855 2473 1044 2540 extrahitur.
1089 2474 1197 2540 mdes

145 2566 196 2626 est
223 2585 281 2628 ora
310 2561 494 2629 Sordonum
525 2566 559 2629 et
585 2584 688 2647 parva
719 2562 853 2628 flumina
879 2563 967 2628 Telis
1001 2567 1035 2628 et
1066 2563 1164 2645 Ticis,

143 2649 202 2714 ubi
228 2652 398 2716 adoravere
430 2673 600 2737 persaeva,
632 2652 761 2717 colonia
787 2650 944 2730 Ruscino,
976 2653 1067 2717 mous
1092 2651 1162 2718 Eli·

144 2737 273 2822 berrae,
304 2760 443 2825 magnae
470 2739 634 2825 quondam
659 2740 751 2805 urbis
778 2744 812 2804 et
841 2760 1036 2824 magnarum
1063 2762 1162 2826 opum

149 2830 247 2892 tenue
279 2828 463 2913 vestigium.
516 2832 587 2894 tum
623 2828 709 2893 inter
740 2828 899 2912 Pyrenaei
934 2829 1162 2915 promunturia

215 3044 241 3092 4.
257 3041 280 3092 5.
296 3036 457 3092 adnectitur
470 3035 511 3090 A¹
525 3035 684 3090 annectitur
697 3035 738 3089 A’
792 3042 817 3092 ὅ.
832 3035 961 3091 demissis
975 3037 1003 3090 A
1052 3036 1160 3092 mauris

143 3107 171 3162 A
197 3106 312 3162 Arauris
344 3108 456 3164 Vossius
532 3113 556 3163 6.
585 3107 727 3161 achathau
754 3107 782 3162 A
805 3110 829 3162 A
867 3107 938 3162 than
961 3107 1088 3165 Solotteis

144 3183 169 3233 l.
197 3178 338 3250 digressm
366 3179 394 3232 A
475 3193 531 3247 qua
558 3176 587 3231 ui
614 3177 642 3231 A
673 3194 729 3246 qua
757 3177 800 3232 sui
854 3179 976 3235 odiosae
1056 3184 1082 3233 9.
1111 3178 1158 3232 ad·

143 3248 231 3321 tingit
257 3250 298 3303 A¹
329 3249 447 3320 attingit
478 3247 519 3302 A*
605 3255 647 3304 14.
679 3248 783 3304 salsule
815 3250 843 3303 A
930 3256 972 3306 16.
1000 3248 1157 3305 harundine

143 3322 184 3375 A¹
211 3338 279 3378 corr.
354 3327 395 3376 19.
423 3318 536 3376 adtrahi
562 3320 604 3373 A¹
631 3319 738 3375 attrahi
764 3319 805 3374 A²
877 3327 920 3376 22.
947 3319 1102 3376 mendaciis
1129 3321 1158 3375 A

214 3399 257 3450 26.
281 3391 454 3462 captantium
477 3390 505 3444 A
528 3391 703 3462 captantium
720 3408 740 3446 n
812 3391 1023 3448 readmovero
1046 3392 1088 3446 A¹
1111 3408 1157 3447 ac-

144 3479 256 3520 crevere
274 3461 315 3519 A'
389 3469 431 3519 29.
450 3462 645 3533 promunturia
662 3463 704 3518 A¹
722 3462 915 3533 promuntoria
932 3462 974 3519 A‘
1087 3506 1092 3510 -

167 3650 235 3664 *-
