2424 3908
122 169 164 234 72
466 167 644 225 POMPONII
661 165 789 225 unuln

69 349 102 399 τι
122 336 237 398 contra
262 331 336 398 Indi
364 332 452 398 ostia
483 331 544 397 illa
575 334 652 396 sunt
683 351 766 416 quae
793 334 912 397 vocant
938 327 1028 396 Solis
1060 331 1139 398 adeo

121 421 361 505 inhabitabilia,
379 424 417 487 ut
429 422 596 506 ingressos
610 419 660 486 vis
674 418 862 486 circumfusi
877 419 963 485 atris
977 419 1139 486 exanimet

124 510 306 593 confestim,
324 513 358 574 et
375 509 462 575 inter
479 509 552 592 ipsa
570 508 656 574 ostia
672 507 831 576 Patalene
848 507 949 594 regio,
967 507 1012 574 ob
1031 511 1139 575 aestus

115 598 340 665 'intolerabilis
360 597 478 663 alicubi
492 596 671 663 cultoribus
691 617 799 682 egens.
831 595 905 662 inde
924 594 966 661 sd
978 596 1140 681 principia

122 686 227 751 Rubri
241 687 341 752 maris
359 687 503 770 pertinet
515 685 680 752 Aricscect
697 685 771 770 ipsa
783 685 873 750 invia
886 688 984 770 atque
998 684 1159 770 deserte36

119 775 238 841 humus
262 774 362 840 cincii
385 775 490 859 magis
513 773 552 839 fit
575 794 671 858 quam
694 773 821 858 pulveri
844 773 975 857 similis,
1000 771 1137 859 ideoque

119 885 179 948 per
198 885 269 929 eam
287 885 363 928 rara
382 868 416 928 et
432 884 498 928 nou
517 861 655 948 grandia
667 862 801 928 flumina
819 864 983 946 emanant,
1000 883 1137 945 quorum

122 951 384 1019 Tuberonemt
350 957 384 1018 et
406 951 573 1019 Arusacen
595 951 770 1016 notissima
792 950 979 1054 accipimus

210 1040 359 1107 Rubrum
381 1062 471 1106 mare
494 1037 624 1125 Graeci,
652 1038 720 1104 sive
747 1040 825 1123 quia
848 1040 917 1105 cius
945 1038 1067 1105 coloris
1090 1043 1140 1105 est

68 1096 148 1147 '12
121 1129 189 1194 sive
218 1130 304 1214 quod
331 1129 379 1195 ibi
405 1128 569 1214 Erythras
596 1090 748 1213 rbgnavit
773 1127 941 1213 Erythran
968 1126 1168 1194 thalassum·

121 1217 302 1301 appellant.
329 1218 548 1302 procellosum
576 1238 727 1319 asperum
753 1236 857 1300 mare,
883 1214 1083 1299 profundum
1104 1220 1138 1282 ιι

119 1325 313 1390 magnorum
327 1305 519 1371 animalium
532 1306 640 1389 magis
654 1327 753 1389 quam
767 1309 874 1371 cetera
888 1325 1000 1388 capax
1029 1305 1136 1389 primo

118 1393 299 1459 recedentis
317 1414 392 1460 oras
416 1393 630 1479 aequabiliter
648 1394 798 1479 impellit,
822 1397 855 1458 et
871 1393 928 1459 ubi
946 1414 1013 1459 non
1035 1393 1137 1460 intrat

118 1483 256 1548 interius
280 1483 486 1567 aliquantum
508 1485 623 1566 patens
647 1482 738 1547 sinus
761 1485 820 1547 est.
865 1481 923 1546 sed
942 1502 1023 1566 quas
1045 1482 1135 1567 ripas

118 1571 287 1636 inflexerat
314 1571 365 1636 bis
392 1570 566 1656 inrumpit,
592 1567 737 1655 duosque
766 1571 886 1636 iterum
909 1571 999 1636 sinus
1023 1570 1168 1655 aperitss

64 1658 267 1725 ‘16Persicus
294 1663 429 1725 vocatur
456 1659 551 1725 dictis
578 1658 768 1746 regionibus
795 1658 944 1743 propior,
971 1657 1135 1724 Arabicus

117 1747 263 1813 ulterior.
312 1746 462 1814 Persicus
490 1769 556 1833 qua
581 1769 671 1813 mare
699 1747 817 1831 accipit
843 1747 1007 1831 utrimque
1036 1747 1135 1814 rectis

116 1835 275 1903 lateribus
290 1836 411 1923 grande
431 1837 551 1904 ostium
566 1838 659 1921 quasi
678 1835 802 1902 cervice
816 1835 1043 1920 conplectitur,
1062 1836 1136 1901 dein

114 1926 213 1990 terrie
230 1926 266 1991 in
284 1947 413 1990 ornnem
426 1929 555 2010 partem
573 1927 667 1991 vaste
684 1928 718 1989 ιι
737 1945 840 2008 aequa
852 1923 1003 2009 portione
1022 1925 1134 1990 ceden-

114 2014 205 2080 tibus
237 2033 358 2097 magno
386 2014 520 2079 litorum
548 2015 627 2079 orbe
657 2013 796 2098 pelagus
828 2012 1005 2096 incingens.
1028 2013 1169 2079 munta

62 2117 96 2166 74
114 2100 254 2166 formam
278 2102 395 2186 capitis
418 2101 564 2166 humani.
608 2100 744 2165 Arabici
766 2105 800 2166 et
822 2122 860 2166 os
878 2101 982 2166 entim
1006 2106 1041 2166 et
1063 2101 1135 2167 lati·

114 2189 194 2254 tudo
222 2189 330 2254 minor
360 2192 424 2272 est,
455 2189 562 2255 maior
589 2189 755 2274 aliquanto
787 2210 934 2255 recessus
966 2194 1001 2255 et
1027 2190 1134 2256 multo

114 2277 222 2361 magis
250 2277 352 2362 longa
378 2277 492 2343 latera.
540 2277 603 2342 init
630 2277 761 2361 penitus
788 2277 1027 2362 introrsusque,
1055 2279 1133 2345 dum

113 2364 302 2450 Aegyptum
320 2387 422 2450 paene
441 2370 475 2431 et
491 2369 638 2432 montem
656 2365 798 2431 Arabiae
816 2362 949 2432 Casium
971 2365 1134 2452 adtingat,

114 2453 256 2538 quodam
278 2453 415 2539 fastigio
438 2455 548 2521 minus
571 2476 609 2520 ac
632 2454 739 2520 minus
762 2453 915 2537 latus,t
882 2457 915 2519 et
937 2476 1002 2539 quo
1025 2455 1171 2558 mags&

61 2558 94 2608 τι
113 2545 266 2626 penetrat
292 2545 472 2630 augustior.
521 2544 564 2609 ab
591 2542 645 2608 his
673 2562 756 2627 quae
783 2541 923 2608 diximus
950 2543 992 2608 ad
1025 2544 1134 2610 sinum

112 2630 296 2716 Persicum,
326 2632 391 2696 nisi
422 2633 480 2698 ubi
507 2628 758 2714 Chelonophagi
789 2633 973 2715 morantur,
1006 2631 1135 2699 deserta

113 2722 197 2783 sunt
248 2719 284 2783 in
316 2719 387 2803 ipso
416 2717 583 2785 Carmanii
608 2718 834 2803 navigantium
866 2718 999 2786 dextera
1018 2721 1134 2823 positi

112 2806 182 2871 sine
211 2810 304 2872 veste
332 2829 370 2872 ac
395 2807 491 2892 fruge
519 2808 589 2872 sinc
615 2828 732 2890 pecore
761 2828 799 2872 ac
831 2806 961 2872 sedibus
993 2808 1132 2892 piscium

111 2899 185 2961 cute
213 2916 247 2960 se
275 2894 400 2975 velant,
371 2899 523 2961 tcarne
550 2899 736 2979 vescuntur,
763 2899 894 2978 praeter
922 2895 1032 2980 capita
1059 2901 1132 2964 toto
1145 2910 1172 2953 ιθ

183 3092 206 3140 1.
226 3085 293 3140 inde
311 3088 340 3141 A
357 3085 420 3142 Indi
437 3103 458 3142 sc
512 3093 537 3142 3.
556 3102 620 3142 rara
636 3087 717 3140 tenet
729 3087 758 3141 A
770 3085 906 3141 Patalene
922 3087 1078 3144 Pintiamec

111 3163 135 3212 6
150 3163 216 3226 post
228 3156 354 3226 pertinet
371 3158 470 3213 cddsda
482 3157 588 3211 Anane
602 3159 632 3212 et
702 3162 728 3212 8.
743 3155 904 3228 accepimus
918 3157 960 3212 A¹
973 3174 1043 3215 corr
1057 3161 1133 3216 ιἰιιιι

109 3229 283 3284 sorcbeudum
302 3230 369 3298 (fuit
387 3227 551 3312 accipimus,
569 3229 643 3299 quod
659 3244 721 3284 ιιιιιι
741 3226 864 3284 Gaetooo
879 3228 1002 3310 Poqttey
1014 3231 1131 3312 ιιιιιιιιι)

183 3306 224 3354 1.3
244 3298 401 3354 recedentis
425 3301 465 3356 sic
483 3302 510 3354 A
582 3300 616 3353 ut
632 3300 661 3353 A
679 3296 728 3352 ubi
750 3300 850 3380 scripsi
920 3297 976 3354 iret
994 3301 1022 3354 A
1040 3299 1133 3356 intrat

109 3372 209 3451 scripsi
281 3376 322 3426 14
342 3371 443 3426 eretA
463 3371 621 3439 eatscripsa
693 3376 734 3425 16.
753 3368 924 3472 propiorA¹
942 3386 1010 3426 corr.
1086 3376 1130 3427 17.

109 3439 228 3496 ulterior
245 3442 286 3496 A¹
309 3458 378 3499 corr.
452 3447 495 3496 24.
514 3440 647 3510 adtingat
664 3441 705 3495 A¹
724 3439 849 3509 attingat
865 3438 907 3494 4¹
