2424 3908
350 202 577 262 3303031311
596 209 621 262 a.
640 209 657 259 a
676 205 804 274 (rc-cr)
1042 202 1086 267 35

64 367 200 453 signum
217 365 348 432 fabulae
365 371 522 451 remanet,
545 370 579 432 et
600 366 678 431 urba
703 386 802 450 quam
821 385 914 430 soror
937 365 1007 431 eius
1026 386 1085 431 suo

62 455 201 522 nomine
222 455 407 520 nominarit
425 453 568 538 Abdere3
591 453 647 519 sed
666 474 705 519 ea
723 453 829 538 magis
853 453 886 519 id
905 473 1087 518 memoran-

62 544 143 609 dum
170 542 286 627 habet,
313 542 399 626 quod
421 540 647 608 Democritum
672 541 845 627 physicum
868 541 959 626 tulit,
988 562 1086 626 quam

62 632 153 716 quod
171 631 221 696 ite
239 630 369 696 condita
388 635 447 697 est.
491 631 580 697 ultra
599 629 719 696 Nastos
738 630 821 712 fluit,
843 629 992 715 interque
1011 650 1085 695 eum
1104 643 1139 695 33

34 725 99 786 cet
123 718 300 804 Strymona
327 719 424 784 nrbes
448 724 524 785 sunt
546 718 705 803 Philippi,
732 719 922 803 Apollonia,
947 717 1085 802 Amphi-

62 808 164 892 polis3
193 808 279 873 inter
304 804 479 891 Strymona
507 812 541 874 et
562 806 676 873 Athon
703 806 815 872 Turris
843 805 1023 873 Oalarnaea
1051 811 1085 872 33
1188 837 1191 844 ·

60 899 181 981 portus
204 893 313 980 Capru
334 895 449 980 limen,
471 896 549 961 urbs
573 895 742 961 Acanthos
765 898 799 959 33
820 893 976 979 Echinia,
999 894 1086 961 inter

61 983 179 1049 Athon
215 987 249 1049 33
279 981 436 1049 Pallenen
468 982 591 1050 Gleona
627 987 676 1048 et.
692 981 864 1066 Olynthos.
919 980 1085 1067 Strymon,

64 1075 152 1137 sicut
175 1071 330 1155 diximus,
362 1072 468 1137 amnia
501 1075 553 1137 est
584 1072 746 1156 longeque
775 1074 867 1137 ortus
900 1074 933 1136 33
966 1071 1084 1137 tenuis.

24 1178 51 1220 ιο
67 1160 185 1226 alienis
209 1159 346 1225 subinde
370 1160 462 1244 aquis
485 1160 524 1225 fit
547 1160 697 1244 amplior,
719 1163 753 1224 33
774 1159 832 1224 ubi
854 1181 921 1225 non
943 1160 1041 1244 longe
1065 1180 1085 1225 a

64 1248 150 1314 mari
173 1248 281 1313 lacum
299 1247 387 1331 fecit,
410 1248 532 1314 maiore
552 1270 651 1332 quam
669 1253 802 1313 venerat
820 1248 914 1315 alveo
934 1249 1083 1332 erumpit

63 1335 157 1402 Atho
179 1357 275 1401 mons
298 1335 379 1401 adeo
407 1336 493 1400 altus
523 1340 587 1420 est,
614 1339 653 1401 ut
678 1336 827 1403 credatur
855 1337 954 1401 altius
983 1337 1083 1402 etiam
1102 1352 1135 1402 31

65 1446 164 1509 quam
182 1424 268 1488 unde
286 1424 408 1488 imbres
428 1425 546 1490 cudunt
563 1445 705 1510 surgere.
742 1425 831 1508 capit
849 1424 959 1508 opinio
978 1423 1085 1509 fidem,

64 1513 144 1597 quia
162 1513 201 1576 de
220 1512 286 1577 aris
306 1534 387 1596 quas
406 1513 442 1578 in
455 1513 576 1579 vertice
595 1514 735 1578 sustinet
748 1534 816 1578 non
834 1511 980 1577 abluitur
995 1513 1087 1598 cinis,

23 1619 50 1660 15
66 1601 124 1667 aed
148 1622 212 1684 quo
235 1600 431 1685 relinquitur
453 1621 573 1687 aggere
591 1605 711 1667 manet.
757 1605 900 1666 ceterum
922 1622 990 1666 non
1011 1622 1084 1685 pro-

63 1689 233 1754 munturio
257 1688 380 1772 otalii,
401 1709 514 1755 verum
537 1693 627 1756 totus
651 1694 686 1754 et
707 1693 779 1755 toto
802 1690 968 1774 longoque
986 1688 1083 1755 dorso

63 1776 216 1861 presedit
237 1777 273 1842 in
295 1778 440 1863 pelagus.
487 1800 551 1862 qua
570 1778 750 1844 continenti
768 1777 923 1843 adhaeret
941 1800 961 1842 a
978 1776 1083 1843 Xerxe
1102 1793 1137 1844 33

62 1866 101 1930 in
130 1863 248 1931 Graios
280 1864 434 1930 tendente
465 1865 632 1949 perfossus
664 1865 993 1950 transnavigatusque
1025 1870 1084 1931 est

62 1954 132 2018 ima
167 1954 236 2018 eius
272 1955 386 2019 tenent
421 1975 542 2037 parvae
578 1953 793 2038 Pelasgorum
832 1953 989 2019 coloniae.
1047 1954 1083 2018 in

20 2059 48 2102 ao
62 2063 191 2107 summo
222 2041 286 2106 fuit
317 2040 473 2125 oppidum
501 2041 704 2124 Acrothoon,
735 2043 770 2106 in
798 2063 876 2127 quo,
903 2044 940 2107 ut
966 2041 1097 2128 ferunt,

62 2128 198 2196 dimidio
216 2129 347 2213 longior
369 2151 468 2214 quam
486 2130 521 2194 in
543 2130 619 2196 aliis
638 2131 733 2195 terris
752 2133 842 2196 aetas
861 2130 1083 2196 habitantium

62 2221 141 2284 erat
191 2217 325 2283 Pallene
352 2219 415 2283 soli
442 2221 511 2284 tam
537 2221 694 2303 patentis,
721 2223 758 2284 ut
786 2219 926 2304 quinque
952 2219 1082 2285 urbium
1100 2234 1135 2286 33

61 2306 155 2372 sedes
179 2306 224 2372 sit
240 2311 338 2391 atque
361 2326 448 2391 ager,
470 2310 542 2373 tota
560 2307 595 2373 in
617 2309 721 2374 altum
740 2307 819 2393 abit,
841 2312 982 2394 angusta
1001 2309 1081 2374 satis

60 2393 148 2459 unde
175 2394 299 2478 incipit.
349 2394 397 2459 ibi
424 2399 474 2460 eat
501 2394 671 2481 Potidaea,
703 2400 739 2462 at
770 2397 827 2460 ubi
853 2396 958 2460 laxius
989 2400 1083 2480 patet

21 2481 180 2548 ssMende
199 2480 378 2567 Scioneque
401 2482 597 2563 referendae,
619 2484 679 2549 illa
703 2483 744 2548 ab
763 2482 912 2568 Eretriis,
934 2484 1016 2549 hacc
1039 2485 1081 2548 ab

60 2570 199 2636 Achivis
223 2574 318 2654 capto
341 2571 404 2636 Ilio
427 2572 646 2638 remeantibus
669 2572 787 2656 posita

149 2658 235 2724 Tum
258 2659 472 2726 Macedonum
500 2660 615 2744 populi
642 2660 767 2743 aliquot
794 2660 891 2724 urbes
917 2659 1079 2747 habitant,
1097 2639 1133 2767 ᾖ

133 2909 158 2959 5.
186 2903 329 2974 philippis
355 2904 384 2956 A
411 2902 539 2974 Philippi
565 2921 586 2959 3
664 2910 688 2958 6.
718 2903 843 2958 calamae
869 2905 897 2958 A
926 2905 1078 2959 Calarnaea

59 2975 209 3030 Barbarus
280 2980 304 3032 8.
320 2973 445 3029 olinthos
460 2975 488 3028 A
543 2973 690 3044 sthrymon
703 2975 731 3028 A
805 2981 846 3029 13.
866 2977 926 3045 3(3’.
942 2993 962 3030 e.
978 2977 1031 3044 est)
1050 2975 1079 3030 A

59 3047 90 3100 33
110 3045 262 3102 Treclueclc
314 3045 454 3115 longeque
469 3046 497 3101 A
516 3045 657 3115 longoque
675 3062 695 3100 3
768 3051 809 3101 17.
828 3061 925 3100 xerase
939 3046 981 3099 A¹
997 3062 1078 3101 xerse

59 3115 101 3170 A'
177 3120 220 3171 18.
239 3118 269 3170 et
291 3116 319 3170 A
341 3117 424 3172 estc
495 3123 561 3186 post
582 3115 867 3186 transnavigatusque
896 3121 940 3172 est
962 3119 1026 3174 add.
1050 3118 1078 3172 A

59 3187 143 3244 athus
167 3185 241 3243 freto
263 3187 420 3256 navigabili
441 3188 555 3257 pervius
578 3189 679 3242 removi
701 3188 870 3242 1333333333
942 3193 984 3243 20.
1009 3202 1075 3242 uero

58 3258 177 3332 (chon)
195 3258 223 3313 A
242 3259 357 3328 (litteras
374 3259 407 3313 iu
423 3274 478 3314 rac.
498 3257 549 3325 Al)
567 3256 731 3312 Acrothoon
748 3256 875 3312 Bcuetcc
929 3264 971 3312 23.
991 3259 1077 3323 atque

58 3330 100 3384 A¹
119 3346 188 3386 corr.
262 3335 303 3383 24.
323 3327 459 3399 pontidea
476 3328 505 3380 A
521 3326 693 3383 Potidaeao
764 3327 854 3380 laxius
872 3327 913 3380 A¹
936 3343 1004 3382 corr.

60 3400 196 3470 cioneque
215 3401 244 3455 A
263 3399 417 3466 Scioneque
436 3399 582 3455 Barbarus
640 3405 682 3454 25.
703 3396 800 3452 eretria
818 3397 846 3450 A
904 3404 947 3452 33.
966 3395 1077 3452 mache-

60 3471 166 3526 donum
184 3472 212 3525 A
285 3471 354 3540 quot
372 3469 412 3522 A¹
431 3485 499 3524 corr.
519 3468 629 3537 aliquot
648 3468 810 3525 Otaceouius

883 3557 916 3614 3*
