2424 3908
268 192 452 250 cfloaocu.
472 194 498 247 11
518 200 533 250 r
553 197 808 267 (118-1ac)III1
829 198 868 266 (1)
1031 197 1074 262 55

56 356 224 440 pestilens.
270 357 305 420 in
323 377 362 420 ea
379 358 575 440 populorum
599 359 819 442 antiquissimi
838 363 914 424 sunt
931 358 1075 442 Ilienses,

56 445 190 510 urbium
217 443 462 528 antiquissimae
490 443 616 511 Caralis
646 451 679 511 ct
702 445 799 512 Sulci.
844 450 879 512 at
905 448 941 511 in
968 446 1076 513 Gallia
1087 464 1138 516 124

58 555 140 617 quas
162 532 283 597 referre
307 533 480 598 conveniat
505 534 595 599 solae
624 538 701 600 sunt
724 533 920 600 Stoechades
950 536 992 602 ab
1020 558 1077 601 ora

57 620 218 706 Ligurum
247 621 286 686 ad
311 620 492 686 Massiliam
519 644 620 707 usque
649 623 823 708 dispersae.
868 622 1014 689 Baliares
1042 624 1077 688 in

34 707 223 794 *Hispania
250 712 363 774 contra
384 708 639 776 Tarraconensia
659 712 759 777 litora
781 712 863 777 sitae
889 734 956 777 non
979 713 1099 797 longe·

56 799 145 863 inter
164 819 199 862 se
218 797 352 881 distant,
370 800 403 862 et
421 819 461 862 ex
479 799 586 882 spatio
606 800 656 864 sui
671 800 917 885 cognominibus
937 802 1077 883 acceptis

57 886 199 951 maiores
236 885 442 970 minoresque
481 887 703 970 perhibentur.
761 889 895 953 castella
931 893 1007 953 suut
1042 889 1078 952 in

57 974 240 1040 minoribus
266 974 380 1039 Iamno
413 976 447 1039 et
473 974 588 1060 Mago,
619 976 655 1040 in
686 975 864 1041 maioribus
896 975 1013 1041 Palma
1045 981 1078 1041 et

57 1062 222 1127 Pollentia
235 1063 390 1128 coloniae.
422 1061 552 1128 Ebusus
567 1085 584 1128 s
604 1064 737 1149 regione
756 1065 974 1147 promunturii
992 1063 1139 1149 quod125

17 1167 46 1208 1⁰
59 1151 96 1216 in
125 1149 319 1216 Sucronensi
352 1150 424 1216 sinu
452 1150 636 1217 Ferrariam
662 1156 779 1217 vocant
806 1152 920 1218 eodem
947 1153 1078 1218 nomine

56 1239 174 1304 urbem
196 1238 311 1323 habet,
337 1239 508 1305 frumentis
536 1242 665 1305 tantum
692 1263 758 1306 non
786 1240 923 1306 fecunda
950 1241 1079 1306 adalia

57 1328 201 1412 largior,
229 1331 262 1392 et
290 1327 435 1392 omnium
464 1327 652 1393 animalium
675 1350 757 1414 quae
781 1333 900 1394 nocent
922 1329 1003 1394 adeo
1027 1350 1079 1393 cx·

57 1439 145 1502 pers,
168 1420 268 1481 utne
292 1437 330 1480 ea
354 1417 483 1500 quidem
508 1438 589 1500 quae
612 1417 651 1482 de
677 1417 863 1503 agrestibus
887 1418 981 1482 mitia
1004 1420 1080 1481 sunt

60 1509 119 1569 aut
142 1507 275 1590 generet
299 1508 355 1569 aut
379 1505 406 1567 si
429 1505 556 1578 invecta
580 1510 656 1570 sunt
679 1506 847 1571 sustineat.
893 1509 1007 1570 eontra
1030 1508 1141 1570 estrac

18 1608 47 1650 1⁵
62 1591 259 1657 Colubraria
272 1593 362 1658 cuius
377 1593 565 1658 meminisse
580 1594 746 1678 succurrit,
766 1593 850 1678 quod
865 1615 936 1659 cum
955 1596 1080 1658 scateat

59 1681 166 1747 multo
194 1702 232 1745 ac
259 1681 406 1746 malefico
434 1701 551 1767 genere
579 1683 777 1766 serpentium
801 1686 834 1747 et
862 1682 905 1747 sit
931 1682 1005 1747 ideo
1033 1682 1081 1746 in·

58 1768 264 1853 habitabilis,
281 1773 392 1834 tamen
410 1769 567 1854 ingressis
585 1792 658 1834 cam
676 1771 764 1835 intra
781 1770 814 1833 id
833 1770 975 1855 spatium
995 1769 1080 1854 quod

59 1857 244 1922 Ebusitana
271 1858 371 1923 humo
404 1857 739 1942 circumsignaverunt
771 1858 841 1923 sine
872 1858 1015 1941 pernicie
1047 1861 1081 1921 et

60 1949 159 2031 grata
181 1949 244 2029 est,
271 1946 375 2012 isdem
402 1945 470 2010 illis
499 1946 703 2029 serpentibus
738 1946 793 2029 qui
822 1945 946 2029 alioqui
973 1945 1081 2010 solent

21 2051 48 2092 20
64 2035 179 2100 obvios
204 2034 356 2119 adpetere
376 2035 564 2117 adspectum
583 2034 652 2100 eius
670 2034 823 2118 pulveris,
847 2033 975 2098 aliudve
995 2033 1080 2117 quod

62 2123 168 2207 virus,
190 2124 302 2206 procul
326 2126 358 2188 et
382 2144 454 2188 cum
477 2143 597 2206 pavore
620 2121 832 2208 fugientibus.

108 2511 343 2586 POMPONH
373 2512 540 2586 uanus
568 2512 632 2585 ou
662 2479 1038 2586 ououosuurffln

484 2683 583 2750 Liber
605 2685 664 2750 III.

156 2827 253 2894 Dicta
281 2831 332 2891 est
359 2848 417 2891 ora
438 2826 555 2891 Nostri
578 2826 691 2908 maris,
719 2825 825 2890 dictae
853 2825 978 2890 insulae
1002 2846 1082 2909 quas
1112 2803 1130 2866 Ῑ

24 2931 53 2973 ²⁵
68 2916 285 3000 amplectitur.
330 2918 434 2979 restat
456 2915 511 2980 ille
534 2915 688 2980 circuitus
712 2935 807 2997 quem
830 2917 868 2978 ut
885 2913 979 2978 initio
1004 2913 1084 2976 dixi-
1112 2881 1126 2928 ¹

65 3027 139 3069 mus
181 3004 284 3090 cingit
321 3024 468 3068 oceanus.
528 3004 643 3088 ingens
680 3003 907 3085 infinitumque
948 3000 1083 3086 pelagus

139 3184 165 3232 2.
190 3176 293 3245 curaris
316 3177 345 3231 A
368 3175 475 3232 Caralis
500 3176 653 3231 racanas
729 3180 754 3229 5.
777 3172 938 3244 hispaniam
960 3172 988 3226 A
1060 3178 1084 3226 8.

67 3265 148 3303 samo
163 3248 191 3301 A
204 3250 300 3302 Iamno
315 3248 461 3304 Burburus
515 3261 613 3317 parma
626 3245 654 3300 A
667 3245 795 3301 Palmae
856 3250 898 3299 15.
913 3241 1087 3297 columbaria

66 3320 95 3374 A
116 3317 279 3375 Colubraria
292 3336 313 3374 a
386 3325 427 3374 19.
445 3333 509 3372 rara
522 3317 550 3371 A
568 3318 649 3386 grata
664 3316 777 3372 Grotius
795 3314 971 3370 Wuchsmutb
1004 3381 1009 3392 Ι
1043 3318 1085 3366 20.

67 3389 234 3460 adspectum
248 3389 288 3442 A¹
303 3392 448 3459 aspectum
457 3388 499 3443 A*
544 3393 587 3444 20.
597 3392 639 3443 al.
655 3386 769 3441 aliudve
786 3387 927 3455 qotverus
937 3381 1085 3436 Aahudve

67 3459 146 3529 quod
164 3459 241 3514 virus
259 3460 386 3516 Bursian
458 3465 501 3514 25.
519 3459 552 3512 ut
569 3462 633 3513 cate
650 3456 732 3511 initio
752 3473 802 3512 orn.
822 3455 850 3509 A
