2424 3908
467 208 675 268 PRAEFATIO
1025 210 1081 268 Vll

58 356 274 442 scriptoribus
298 355 427 440 saepius
450 353 668 422 adhiberetur.
704 355 830 422 Plinius
851 357 938 423 enim
956 356 1078 424 Melam

57 445 145 511 inter
165 445 275 510 fontes
293 443 463 510 Naturalis
485 443 642 511 historiae
665 445 824 512 librorum
848 446 878 511 3.
896 446 928 511 4.
947 446 978 513 5.
997 447 1026 512 6.
1046 448 1077 512 8.

60 533 304 600 12.13.21.22
324 533 451 617 laudat,
474 554 494 597 a
512 529 625 599 Selino
645 555 719 599 eum
741 533 918 601 identidem
936 535 1077 619 exscrip-

57 626 130 687 tum
153 644 238 703 esse,
261 621 320 686 Th
343 620 526 687 Mommsen
548 619 700 707 docuit.⁴)
741 621 915 688 Praeterea
938 623 1077 690 scholia·

57 715 145 777 stam
164 711 205 776 ad
226 711 412 776 Iuvenalem
419 707 460 795 ⁶),
479 707 1078 799 serviumss)‚10rnandem⁷)‚rrecu1·

56 797 206 885 phum⁸),
220 796 442 885 Boeoatium⁹)
457 800 561 864 multa
576 820 615 863 ex
629 821 668 864 eo
682 798 921 886 deprompsisse
938 805 1076 867 constat

58 888 150 965 Quae
173 888 283 953 omnia
306 887 423 953 editori
445 909 512 952 non
534 891 612 952 sunt
634 888 851 1042 neglegenda,
880 910 1078 974 quamquam

59 977 267 1061 Boeeatium,
291 977 346 1061 qui
364 974 485 1041 Melam
503 975 537 1041 in
555 976 647 1042 libris
667 977 706 1041 de
752 977 921 1064 enealogia
934 977 1078 1043 Deorum

59 1070 95 1131 et
113 1065 152 1131 de
170 1065 348 1145 montibus,
366 1065 468 1148 silvis,
486 1064 642 1149 fontibus,
661 1065 862 1150 fluminibus,
875 1067 1004 1150 stagnis
1017 1071 1079 1133 eto.

61 1155 185 1240 passim
208 1154 397 1238 compilavit
416 1158 449 1218 et
468 1175 487 1218 1
505 1153 621 1218 ceteris
640 1153 819 1220 editoribus
836 1154 956 1221 eodiois
974 1156 1079 1220 instar

62 1243 254 1308 aestimatus
278 1245 341 1326 est,
364 1264 403 1307 ex
421 1241 506 1307 libro
526 1241 696 1308 deterioris
715 1242 838 1309 ordinis
857 1265 916 1308 sua
929 1243 1078 1310 hausisse

60 1331 143 1396 mihi
165 1353 356 1416 persuasum
375 1334 433 1396 est
468 1330 609 1396 Praebet
626 1331 714 1396 enim
731 1353 798 1396 non
818 1331 924 1398 solum
942 1332 1077 1416 inserip·

59 1421 184 1486 tionem
213 1420 274 1503 „de
303 1418 585 1504 cosmographia“‚
613 1442 711 1504 quam
739 1420 917 1487 deteriores
944 1420 1021 1485 libri
1043 1421 1079 1485 in

59 1508 166 1574 fronte
197 1508 335 1591 habent,
368 1508 423 1573 sed
457 1508 557 1572 etiam
587 1508 628 1572 ad
657 1509 785 1594 reliqua
817 1530 890 1574 oum
922 1509 975 1575 his
1002 1529 1077 1574 oon-

62 1598 176 1680 sentit,
200 1619 220 1660 a
241 1597 350 1662 oodioe
372 1596 532 1662 Vaticano
555 1595 587 1660 A
611 1596 783 1682 discrepat.

130 1685 255 1762 Quibus
278 1685 344 1750 iam
368 1686 538 1771 attigimus
562 1686 786 1770 quaestionem
809 1685 848 1751 de
867 1685 973 1751 Melae
995 1685 1079 1751 eodi-

61 1775 162 1840 oibus.
203 1773 312 1859 Atque
334 1794 473 1859 magnus
492 1773 622 1858 quidem
646 1796 758 1840 eorum
781 1795 935 1839 numerus
959 1774 1000 1839 ad
1020 1797 1079 1840 no·

61 1866 165 1928 stram
189 1865 331 1936 aetatem
354 1863 498 1946 devenit,
522 1862 578 1927 sed
601 1863 695 1927 valde
713 1862 887 1928 dolendum
905 1866 969 1946 est,
992 1861 1078 1947 quod

61 1950 166 2016 Melae
190 1951 276 2016 libro
299 1950 421 2016 edendo
444 1972 527 2016 unus
550 1954 679 2016 tantum
701 1950 880 2018 Vaticanus
899 1951 986 2016 4929
1012 1972 1079 2015 ser-

256 2111 345 2164 14111
749 2111 926 2164 saussaius

58 2198 87 2251 ΙΙ
103 2202 136 2252 67
154 2195 255 2252 Italiae
271 2195 348 2252 frons
367 2196 398 2252 in
412 2196 467 2252 duo
483 2213 543 2252 eor·
596 2197 631 2252 Η.
649 2195 689 2251 IV
713 2203 747 2252 18
770 2196 855 2253 Italia
881 2227 914 2238 ·-
942 2195 1079 2253 scinditur

98 2284 154 2322 nua
172 2284 202 2322 se
220 2266 323 2323 scindit
631 2267 662 2322 in
680 2268 735 2323 duo
754 2266 949 2338 promunturia

58 2338 101 2393 ΙΙΙ
122 2343 173 2393 104
190 2338 296 2408 passim
314 2338 414 2409 vagari
596 2338 617 2392 1.
637 2343 671 2393 98
692 2345 706 2392 1
726 2339 825 2408 vagari
842 2339 949 2409 passim

59 2411 126 2464 141
146 2409 236 2465 vietus
254 2425 336 2480 asper
353 2413 383 2465 et
396 2409 542 2465 munditiis
596 2409 617 2462 Ι,
641 2415 688 2479 89,
712 2416 729 2464 9
754 2425 844 2478 neque
873 2409 961 2463 salem
986 2423 1079 2477 neque

97 2497 195 2536 carens
632 2479 688 2604 aliba
700 2479 883 2604 inritamenta
895 2479 980 2550 gulae
994 2495 1078 2547 quae·

632 2567 662 2605 re
682 2567 719 2605 an

596 2621 627 2690 (1.
642 2625 690 2688 85,
716 2625 750 2675 40
773 2619 929 2675 munditiae
953 2618 1077 2675 mulieri·

630 2692 683 2746 bus
702 2691 882 2760 conveniunt)

116 2798 245 2855 Ceterum
260 2798 294 2854 of.
310 2798 350 2853 de'
359 2797 494 2853 Sallustio
506 2796 597 2853 Melae
611 2796 689 2852 fonte
698 2796 887 2868 geographico
897 2797 928 2851 Ε.
943 2794 1079 2851 Schwe-

58 2871 120 2926 der
142 2869 188 2925 die
206 2869 385 2925 Concordem
408 2869 458 2923 der
476 2867 723 2938 chorographiam
745 2869 794 2923 des
812 2867 985 2939 Pomponius
1003 2867 1081 2922 Mela

63 2941 121 2996 und
141 2941 189 2997 des
206 2940 323 2995 Plinius.
359 2939 452 2994 Kiliae
472 2945 541 2996 1879
560 2957 587 3010 p.
609 2944 641 2993 1‘1
654 2957 694 3008 sq.

134 3014 162 3082 4)
181 3011 293 3067 Solinus
311 3011 355 3066 ed.
373 3011 528 3065 Mommsen
546 3027 575 3079 p.
593 3009 632 3064 XI
650 3013 680 3065 et
696 3008 824 3079 passim

134 3085 161 3151 5)
180 3082 217 3138 ad
235 3082 288 3137 sat.
307 3088 333 3149 2,
353 3087 404 3137 160
423 3080 458 3136 of.
476 3080 593 3136 Bursian
610 3081 630 3136 l.
650 3080 669 3135 l.
688 3099 716 3150 p.
736 3086 796 3136 631.

135 3157 162 3222 6)
180 3153 216 3207 ad
235 3155 304 3207 Aen.
323 3152 362 3206 IX
380 3158 424 3219 31,
442 3151 482 3206 IV
502 3157 552 3207 146
571 3151 606 3206 of.
625 3151 743 3207 Bursian
760 3151 780 3206 l.
798 3151 817 3206 l.

135 3225 166 3293 t)
184 3224 219 3279 de
237 3223 321 3278 rebus
341 3222 447 3278 Getieis
467 3221 534 3292 Cap.
553 3220 601 3276 ΙΙΙ.

135 3299 163 3364 8)
181 3296 211 3349 in
230 3293 330 3349 Chron.
350 3295 364 3348 I
382 3299 407 3362 2,
427 3300 468 3349 16.

135 3369 163 3436 9)
181 3366 214 3421 A.
237 3364 347 3433 Hortis,
370 3364 400 3420 la
421 3364 577 3435 corografia
599 3364 629 3419 di
650 3363 804 3434 Pomponio
826 3363 902 3419 Mela
930 3361 1080 3417 attribuite

61 3437 228 3564 fvalsamente
251 3453 269 3492 a
292 3435 431 3576 Gipvanni
449 3435 586 3492 Booeaoio
610 3434 812 3505 (Aroheografo
835 3433 975 3488 Triestino
995 3433 1030 3489 N.
1051 3433 1080 3489 S.

89 3509 111 3578 Ι,
130 3514 147 3564 8
164 3526 193 3579 p.
212 3513 265 3564 800
275 3523 354 3577 sqq..
