2424 3908
336 213 517 271 cnonoslt.
536 216 550 270 1
569 221 611 271 re.
630 221 673 271 aa.
692 220 727 272 as
745 217 875 287 <sa-91)
1067 215 1108 280 21

92 378 237 443 victores
264 375 496 443 Thebanorum
523 375 706 462 Epigonos,
734 381 768 442 et
795 374 980 462 Colophon,
1013 400 1111 463 qnam

92 465 231 549 Mopsus
263 464 408 530 eiusdem
434 462 567 532 Mantus
598 465 685 530 filius
718 465 843 532 statuit.
893 468 928 530 at
958 487 1112 552 promun-
1131 481 1165 531 aa

92 554 219 620 tarium
248 573 313 638 qno
336 553 425 618 sinus
450 552 625 637 clauditur,
652 553 739 638 quod
762 553 866 620 altera
894 560 987 637 parte
1011 555 1112 620 alium

92 660 193 726 quem
207 638 421 725 Smyrnaeum
438 647 558 707 vocant
576 640 685 725 efficit,
704 642 915 727 angustisque
934 643 1112 709 oemicibus

65 730 223 814 areliqua
241 728 386 794 extendit
405 729 439 793 in
457 730 568 814 latius,
586 730 656 795 abit
672 731 708 794 in
725 730 968 815 paeneinsulae
986 730 1113 797 faciem.

95 838 195 902 super
210 817 380 902 angustias
398 817 475 882 hinc
489 817 572 882 Teos
592 818 685 882 illino
700 816 923 902 Clazomenae,
941 840 1006 904 qua
1019 824 1114 906 terga

93 908 199 990 agarnt
218 905 358 971 confinio
373 905 516 971 adnexae
535 906 629 990 muri,
647 906 783 971 diversis
803 907 967 972 frontibus
986 908 1115 973 diversa

92 993 201 1058 naaria
229 995 448 1077 prospectant.
488 995 523 1059 in
546 995 620 1079 ipsa
642 1016 745 1077 paene
768 995 875 1059 insula
904 999 954 1059 est
977 993 1114 1080 Coryna.

93 1083 130 1146 in
158 1082 232 1145 sinn
256 1079 435 1165 Smyrnaeo
464 1086 514 1146 est
536 1081 678 1147 Hermus
707 1083 812 1147 amnis
840 1086 873 1147 et
899 1083 978 1148 urbs
1000 1083 1115 1168 Leuca,

54 1191 81 1230 ιο
95 1174 191 1235 extra
214 1169 363 1235 Phocaea
385 1167 503 1234 Joniae
525 1170 651 1235 ultima.

185 1257 341 1323 Proxima
366 1258 471 1342 regio,
504 1279 542 1322 ex
571 1279 634 1342 qno
668 1259 709 1322 ab
737 1257 851 1323 Aeolis
878 1258 977 1323 incoli
1006 1237 1166 1364 coapit19{

93 1344 207 1410 Aeolis
234 1345 334 1429 facta,
366 1351 442 1410 ante
469 1344 589 1430 Mysia,
621 1348 654 1410 et
686 1368 751 1430 qua
777 1345 1028 1430 Hellespontum
1058 1348 1112 1412 ad-

92 1433 215 1518 tingit,
252 1432 404 1498 Troianis
436 1433 679 1517 possidentibus
712 1434 814 1499 Troas
846 1435 919 1498 fnit.
972 1437 1113 1518 primam

92 1521 226 1585 urbium
255 1542 275 1585 a
296 1519 427 1605 Myrino
451 1522 616 1588 conditore
638 1521 800 1608 Myrinam
823 1526 955 1603 vocant,
981 1544 1113 1607 sequen·

54 1631 79 1670 15
93 1613 162 1673 tem
176 1609 295 1692 Pelops
315 1610 442 1694 statuit,
461 1610 547 1676 victo
563 1610 729 1677 Oenomao
743 1633 890 1677 reversus
911 1633 950 1676 ex
964 1609 1112 1694 Graecia,

94 1695 221 1781 Cymen
247 1697 430 1762 nominavit
456 1698 561 1782 pulsis
590 1700 645 1784 qui
668 1699 900 1765 habitaverant
926 1699 991 1763 dux
1014 1698 1113 1764 Ama·

92 1806 212 1849 nonum
236 1783 348 1869 Cyme.
393 1807 492 1869 supra
515 1784 631 1851 Caicus
659 1789 745 1852 inter
767 1787 892 1852 Elaean
916 1787 1057 1852 decurrit
1080 1794 1113 1851 et

92 1871 243 1956 Pitanen,
265 1873 360 1938 illam
384 1894 467 1957 qnae
490 1873 661 1939 Arcesilan
683 1875 777 1958 tulit,
800 1875 885 1939 nihil
909 1874 1112 1939 adfirmantis

94 1960 280 2025 academiae
307 1961 526 2026 clarissimum
554 1962 747 2027 antistitem.
796 1967 867 2027 tum
899 1963 934 2026 in
960 1984 1112 2046 promnn-
1132 1978 1165 2026 al

53 2069 79 2109 n
93 2049 180 2114 turio
206 2054 256 2114 est
275 2047 370 2133 Cyna
388 2049 553 2134 oppidum,
577 2050 663 2134 quod
685 2053 926 2133 praetervectos
949 2052 1040 2116 sinus
1060 2074 1111 2116 ex-

93 2137 175 2220 cipit
197 2158 264 2203 non
286 2159 404 2221 parvos
428 2137 484 2202 sed
507 2138 605 2222 longe
629 2159 667 2203 ac
695 2139 842 2204 molliter
868 2139 983 2223 flexus,
1010 2145 1111 2204 retra-

92 2224 238 2308 hensquc
270 2225 429 2309 paulatim
462 2246 536 2290 oras
569 2248 672 2311 usque
705 2228 745 2292 ad
772 2228 840 2292 ima
872 2228 994 2292 montis
1021 2226 1113 2292 Jdae.

92 2313 121 2377 is
154 2314 262 2396 primo
293 2315 404 2398 parvis
437 2314 574 2379 urbibus
607 2337 757 2399 aspersus
785 2319 849 2398 est,
881 2337 1017 2400 quarum
1049 2315 1112 2380 ola·

92 2402 227 2466 rissima
250 2407 301 2466 est
323 2400 466 2468 Cistena.
513 2403 638 2486 gremio
661 2404 816 2468 interiore
845 2424 977 2486 campus
1001 2402 1111 2468 Thebe

53 2507 78 2548 aa
91 2490 240 2572 nomine3
259 2489 485 2575 Adrymetion,
502 2489 669 2575 Asturam,
683 2490 842 2574 Chrysam
862 2490 981 2574 oppida
999 2490 1111 2555 eodem

92 2598 157 2661 quo
187 2577 274 2643 dict-a
301 2584 379 2643 sunt
406 2578 519 2643 ordine
548 2579 730 2644 adiacentia
757 2579 917 2660 continet,
943 2578 979 2641 in
1007 2578 1110 2643 altero

163 2793 188 2842 1.
212 2785 367 2856 ephigonos
388 2785 416 2840 A
493 2791 518 2840 2.
547 2785 584 2840 ad
609 2787 637 2840 A
714 2781 739 2841 3ss
765 2785 814 2855 qui
836 2785 864 2840 A
891 2786 1008 2854 quodu
1083 2792 1108 2840 4.

91 2859 254 2943 imyrneum
272 2876 299 2927 A
374 2881 398 2929 6.
419 2889 483 2928 ceos
501 2875 529 2929 A
548 2874 621 2929 Teos
644 2873 789 2930 Vedianas
861 2871 1063 2944 cla<zomena)
1081 2877 1109 2927 A

88 2963 208 3031 (litteras
224 2963 256 3016 in
273 2979 329 3019 ras.
348 2962 399 3032 Aff)
464 2950 564 3037 ddquia
577 2964 605 3017 A
619 2979 676 3031 qua
690 2963 844 3018 Plautianus
916 2968 939 3016 7.
959 2961 1107 3015 adnexaA

89 3049 217 3104 adnexae
237 3049 390 3106 Pintianus
460 3048 531 3103 mari
548 3052 576 3105 A
594 3051 668 3104 muri
691 3051 802 3107 Vossius
873 3056 898 3105 9.
917 3043 1063 3118 lmymaeo
1081 3052 1109 3104 A

148 3119 319 3175 thermodon
336 3123 363 3176 A
382 3120 501 3174 Hermus
520 3121 672 3176 Pincianus
744 3127 785 3176 10.
804 3120 897 3190 phoca
914 3119 1064 3175 crisioniae
1082 3122 1110 3175 A

88 3191 222 3246 Phocaea
238 3190 334 3246 Ioniae
357 3191 468 3246 Vossius
538 3190 656 3246 ultimae
674 3193 702 3246 A
720 3191 821 3245 ultima
838 3209 859 3246 u
931 3199 964 3247 17
984 3191 1065 3245 clean
1082 3193 1110 3243 A

88 3261 198 3317 Elaean
221 3264 321 3331 scripsi
394 3267 435 3316 18.
459 3260 618 3316 archesilan
640 3263 668 3316 A
687 3261 833 3316 Arcesilan
854 3280 874 3317 n
946 3268 1110 3331 supervos

89 3335 130 3388 sic
148 3334 176 3387 A
232 3339 275 3388 28.
293 3331 330 3385 iis
348 3334 376 3387 A
394 3331 455 3388 iso
509 3339 551 3387 24.
570 3331 674 3388 thebas
692 3333 720 3386 A
739 3331 870 3386 Theben
925 3336 967 3385 25.
987 3331 1111 3383 austrum

89 3405 117 3458 A
137 3403 271 3456 Asturam
289 3402 418 3458 Bursian
491 3419 613 3458 crassam
630 3405 658 3458 A
683 3401 819 3472 Chrysam
842 3403 995 3457 Pa'ntr'anns
1067 3406 1109 3455 26.

89 3474 237 3528 continent
253 3476 281 3529 A
300 3472 427 3528 confluet
443 3491 460 3530 u
1108 3470 1114 3483 ‘

1131 3660 1166 3682 ..ss
