2424 3908
141 199 185 264 20
486 197 664 253 POMPONII
682 197 807 254 MELAE

138 364 208 427 tum
232 358 353 427 Onidue
375 361 412 425 in
434 381 534 425 cornu
556 380 657 444 paene
680 360 820 445 insulas,
847 361 996 445 interque
1025 381 1098 426 eam
1124 365 1159 426 et

86 465 121 516 85
139 447 342 515 Ceramieum
371 448 478 513 sinum
501 449 539 512 in
563 469 693 514 recessu
720 449 829 531 posita
851 448 1015 514 Euthana.
1061 447 1158 515 Hali·

139 559 290 603 camasos
318 536 516 620 Argivorum
545 536 673 602 colonia
700 540 764 620 est,
797 540 842 625 et·
862 558 917 602 cur
948 536 1158 602 memoranda

138 626 190 710 sit,
207 629 336 708 praeter
355 623 547 708 conditores,
565 624 769 690 Mausoleum
787 625 888 690 efficit
905 625 994 709 regis
1013 622 1158 689 Mausoli

138 716 397 794 monumentum,
420 735 521 777 unum
544 713 583 777 de
606 712 771 777 miraculis
795 716 934 798 septem,
955 711 1156 778 Artemisiae
1181 729 1193 772 s

52 853 56 859 .
139 823 230 885 opus,
275 806 365 865 trans
383 799 624 866 Halicemason
641 800 700 865 illa
718 804 807 866 sunt:
826 801 904 866 litus
923 800 1040 882 Leuca,
1057 802 1156 865 urbes

139 888 287 974 Myndos,
306 887 482 969 Oaruanda,
502 887 668 972 Neapolis,
692 889 782 954 sinus
800 889 905 954 Iasius
931 891 965 954 et
983 888 1158 955 Basilicus.

141 978 175 1042 in
198 976 282 1042 lasio
308 981 358 1042 est
380 976 550 1062 Bargylos.
855 1050 861 1057 ,

90 1044 129 1106 17
230 1065 311 1131 Post
324 1065 503 1130 Basilicum
517 1064 610 1130 Ionia
629 1064 755 1149 aliquot
774 1087 808 1130 se
828 1064 1021 1148 ambagibus
1038 1064 1159 1148 sinuat,

88 1121 122 1170 8⁶
142 1156 176 1218 et
201 1153 344 1236 primurn
371 1175 391 1217 a
418 1152 556 1218 Posidea
589 1154 814 1236 promunturio
847 1153 966 1217 flexum
998 1152 1158 1218 inchoans
1172 1171 1195 1210 10

144 1241 247 1324 cingit
279 1240 445 1306 oraculum
476 1239 641 1323 Apollinis
673 1242 797 1306 dictum
834 1241 913 1306 olim
944 1240 1160 1325 Branchidae,

131 1350 229 1405 ,nunc
246 1328 411 1412 Didymei3
431 1328 589 1412 Miletum,
611 1329 726 1394 urbem
745 1329 908 1412 quondam
926 1328 1037 1394 Ioniae
1056 1330 1159 1395 totius

144 1418 225 1482 belli
261 1416 414 1501 pacisque
452 1416 576 1481 artibus
609 1418 804 1501 prinoipem,
835 1417 978 1501 patriam
1009 1416 1159 1482 Thaletis

145 1506 304 1590 astrologi
329 1509 361 1569 et
384 1504 549 1570 Timothei
572 1505 688 1569 musici
712 1508 744 1569 et
765 1505 1001 1570 Anaximandri
1023 1506 1160 1590 physici,

145 1593 347 1677 aliorumque
376 1593 495 1657 civium
523 1592 655 1658 inclutis
678 1593 819 1678 ingeniis
847 1593 964 1658 merito
992 1594 1160 1677 inclutam,
1173 1609 1197 1651 1⁵

141 1684 316 1765 utcumque
340 1680 468 1746 Ioniam
489 1684 620 1764 vocans
643 1681 757 1745 urbem
779 1681 917 1766 Hippin,
941 1681 1046 1746 amnis
1070 1681 1160 1747 Mae·

142 1769 234 1833 andri
257 1769 387 1851 exitum,
410 1769 576 1834 Latinium
599 1772 753 1852 montem,
776 1769 990 1853 Endymionis
1015 1793 1035 1834 a
1057 1768 1161 1854 Luna,

89 1872 122 1922 87
142 1861 179 1921 ut
206 1858 328 1939 ferunt,
355 1857 500 1922 adamati
526 1857 638 1922 fabula
665 1857 819 1923 nobilem.
866 1858 942 1922 dein
969 1879 1081 1923 rursus
1110 1859 1160 1923 in-

141 1945 226 2010 flexa
250 1945 353 2029 cingit
376 1947 491 2009 urbem
513 1945 654 2011 Prienen
682 1949 715 2011 et
739 1945 836 2010 Gaesi
858 1945 1003 2010 fluminis
1028 1946 1160 2029 ostium,

141 2054 281 2117 moxque
303 2036 342 2097 ut
360 2034 481 2098 maiore
501 2033 638 2098 circuitu
660 2034 709 2097 ita
726 2034 821 2119 plura
840 2034 1065 2118 conplectitur.
1110 2034 1196 2098 ibin

142 2125 192 2185 est
224 2121 419 2186 Panionium
456 2143 549 2185 saera
584 2121 694 2204 regio,
733 2125 765 2185 et
802 2121 844 2186 ob
881 2123 915 2187 id
953 2144 990 2187 eo
1025 2123 1158 2188 nomine

88 2225 121 2275 88
142 2208 306 2291 adpellata
330 2208 415 2293 quod
439 2231 511 2273 earn
539 2208 755 2273 communiter
778 2209 874 2274 Iones
903 2210 1023 2275 colunt.
1068 2210 1116 2274 ibi
1140 2233 1160 2274 a

127 2297 303 2381 dugitivis,
339 2301 377 2361 ut
408 2297 512 2379 aiunt,
549 2297 679 2361 condita
716 2295 850 2382 (nomen
885 2298 992 2364 famae
1014 2296 1159 2384 adnuit)

141 2385 299 2468 Phygela.
351 2384 398 2449 ibi
424 2384 575 2469 Ephesus
608 2388 641 2450 et
672 2384 798 2451 Dianae
829 2387 1047 2451 clarissimum
1077 2390 1159 2451 tem-

141 2473 245 2557 plum,
278 2474 362 2558 quod
389 2472 572 2538 Amazones
599 2473 681 2538 Asia
708 2475 832 2557 potitae
860 2496 1064 2540 consecrasse
1092 2479 1158 2540 tra·
1172 2490 1196 2532 a

142 2561 274 2644 duntur,
306 2562 354 2626 ibi
382 2560 537 2646 anstros
570 2562 688 2644 amnis,
721 2561 768 2626 ibi
796 2562 959 2646 Lebedos,
991 2561 1157 2647 Olariique

141 2648 306 2731 Apollinis
338 2649 463 2734 fanum,
495 2649 580 2733 quod
607 2648 722 2715 Manto
751 2650 894 2716 Tiresiae
926 2651 995 2715 filia
1026 2651 1156 2736 fugiens

213 2827 239 2874 2.
253 2820 415 2875 tetraticum
428 2823 455 2874 A
471 2820 643 2875 ceramicum
656 2822 802 2878 Barbarae
852 2823 969 2877 euciana
983 2823 1011 2878 A
1024 2823 1156 2879 Euthana

141 2891 269 2946 Bursian
318 2897 342 2944 2.
353 2898 378 2946 3.
388 2890 592 2945 halicarnassos
603 2893 837 2949 AHaliearnasos
851 2896 950 2964 scripsi
1004 2902 1028 2950 6.
1038 2895 1158 2948 halicar-

143 2977 245 3014 ssonna
254 2962 282 3016 A
296 2961 498 3016 Halicarnason
511 2965 611 3032 scripsi
662 2970 685 3018 ⁷.
699 2963 823 3031 myridos
834 2965 861 3018 A
871 2964 990 3032 Myndos
1006 2966 1159 3021 Plotianis

196 3032 320 3086 amanda
338 3033 365 3086 A
386 3031 531 3087 (lamanda
548 3034 676 3088 Bursian
730 3034 804 3088 iasus
823 3037 851 3088 A
871 3035 959 3089 Iasius
977 3053 998 3090 n
1053 3043 1077 3091 8.
1097 3035 1157 3090 iaso

142 3101 170 3154 A
241 3102 369 3169 barcylos
388 3105 416 3157 A
433 3103 570 3173 Bargylos
590 3104 737 3159 Burburus
808 3112 833 3159 9.
852 3105 969 3174 aliquod
987 3107 1028 3161 A¹
1047 3106 1158 3175 aliquot

142 3172 183 3225 Α2
261 3179 301 3227 11.
325 3173 482 3228 bramaeiae
507 3176 534 3227 A
557 3173 731 3228 Branchidae
758 3176 904 3231 Barbarus
982 3183 1022 3232 12.
1049 3175 1158 3244 didymi

141 3243 169 3295 A
192 3241 323 3311 Didymei
350 3244 459 3300 Vossius
532 3251 573 3298 16.
595 3251 635 3299 17.
661 3244 787 3302 meandri
812 3247 838 3300 A
911 3254 952 3302 1-9.
976 3247 1103 3317 prienam
1129 3247 1157 3301 A

141 3312 261 3368 Prienen
281 3332 299 3369 o
371 3321 413 3371 21.
436 3314 590 3384 panionum
611 3313 639 3367 A
715 3323 757 3370 22.
782 3317 927 3386 adpellata
949 3319 991 3372 Al
1013 3317 1158 3388 appellata

142 3383 183 3436 A²
255 3391 297 3440 24.
316 3385 442 3455 phygeta
459 3387 487 3440 A
505 3385 631 3455 Phygela
653 3387 798 3443 Barbarus
871 3394 913 3446 26.
932 3387 1042 3443 libedos
1060 3389 1089 3443 A

71 3460 185 3664 52⁷.
204 3454 319 3509 mantho
339 3458 366 3510 A
