2438 3908
352 789 584 864 POMPONII
612 789 778 862 MELAE

542 948 589 994 DE

267 1071 863 1235 OHQROGRAPHIA
981 1105 984 1112 ·

492 1283 589 1349 Liber
611 1284 637 1348 I.

31 1460 42 1500 ⁵
147 1442 244 1509 Orbis
268 1444 368 1509 situm
391 1444 496 1508 dicere
515 1442 699 1529 aggredior,
721 1443 915 1528 impeditum
933 1464 1014 1527 opus
1038 1449 1105 1509 etl

10 1528 11 1551 ³
56 1533 226 1598 facundiae
254 1533 387 1598 minime
415 1554 517 1616 capax
544 1529 688 1618 (constat
716 1532 803 1597 enim
829 1533 896 1596 fere
925 1532 1071 1617 gentium

11 1643 12 1655 ¹
56 1621 264 1707 locorumque
287 1621 473 1687 nominibus
492 1623 525 1685 el
548 1642 658 1686 eorum
677 1622 830 1705 perplexo
850 1620 931 1686 satis
950 1620 1070 1704 ordine,

12 1788 13 1792 Ἰ
56 1731 151 1793 quem
170 1711 322 1794 persequi
340 1710 441 1795 longa
454 1713 506 1774 est
523 1709 628 1795 magis
647 1731 744 1793 quam
764 1709 905 1794 benigna
918 1708 1070 1794 materia)

56 1820 168 1863 verum
187 1799 289 1883 aspici
307 1801 418 1864 tamen
431 1798 648 1882 cognoscique
667 1796 904 1883 dignissimum,
923 1802 957 1862 et
975 1798 1071 1882 quod,

11 1901 43 1940 '10
56 1887 85 1952 si
108 1908 174 1951 non
196 1909 257 1971 ope
275 1887 399 1971 ingenii
418 1885 551 1968 orantis,
574 1889 609 1950 at
630 1885 703 1970 ipsc
726 1885 777 1950 sui
795 1885 1069 1969 contomplatione

54 1973 603 2147 {fiduffidlldllllll
617 1974 938 2149 dllllolll
960 1977 1104 2129 dl?

479 2114 488 2148 7

54 2152 139 2216 sima
166 2154 200 2216 e'c
226 2152 374 2217 strictim.
423 2174 461 2217 ac
488 2151 594 2235 primo
623 2151 750 2237 quidem
780 2173 862 2236 quac
894 2151 938 2217 sil
963 2151 1070 2217 forma

55 2239 173 2324 totius,
195 2262 277 2325 quae
299 2240 460 2305 maximae
482 2243 601 2324 partes,
624 2263 689 2324 quo
712 2241 860 2326 singulae
883 2240 979 2306 modo
1004 2242 1070 2305 sint

20 2342 42 2384 1⁶
56 2331 154 2412 alque
173 2328 361 2395 habilenlur
380 2329 557 2414 expediam,
576 2328 690 2393 deinde
709 2350 820 2394 rursus
835 2332 908 2394 oras
923 2329 1068 2394 omnium

10 2424 12 2459 ¹
54 2421 87 2481 et
109 2416 209 2482 litora
231 2421 268 2482 ut
289 2418 378 2482 inira
400 2421 553 2502 extraque
573 2420 657 2500 sunl,
680 2421 778 2501 atque
797 2421 835 2481 ut
857 2439 896 2482 ea
919 2417 1008 2482 subii
1031 2440 1068 2483 ao

10 2484 12 2577 l
53 2505 238 2571 circumluit
264 2507 415 2590 pelagus,
443 2505 563 2571 additis
586 2526 669 2588 quae
696 2505 731 2568 in
753 2509 872 2569 natura
897 2504 1067 2590 regionum

10 2586 12 2611 '
52 2593 295 2678 incolarumque
321 2593 531 2670 memoranda
558 2597 642 2658 sunl.
686 2592 720 2658 id
742 2615 806 2677 quo
834 2593 963 2657 facilius
991 2595 1067 2660 sciri

51 2682 160 2767 possit
183 2686 280 2767 atquc
302 2683 418 2768 accipi,
441 2682 539 2767 paulo
563 2683 661 2747 altius
686 2704 812 2747 summa
834 2686 1009 2766 repetetur.

16 2784 38 2826 ω
143 2768 247 2835 Omne
272 2771 375 2857 igitur
400 2771 477 2855 hoc,
508 2770 664 2856 quidquid
696 2774 746 2836 est
773 2772 825 2836 cui
857 2770 969 2837 mundi
998 2753 1104 2838 ‹cace-1

51 2859 140 2943 liquc
168 2880 287 2925 nomen
312 2858 502 2942 indidimus,
529 2881 630 2924 unum
657 2859 691 2924 id
719 2864 769 2925 esa
792 2865 825 2925 el
852 2882 918 2926 uno
941 2830 1101 2926 ambitu³

51 2969 85 3012 se
114 2952 292 3032 cunctaque
319 2948 534 3032 amplectilur.
579 2949 728 3032 partibus
756 2948 876 3035 differt3
902 2949 987 3013 uude
1015 2950 1066 3016 sol

51 3036 156 3102 oritur
184 3037 292 3102 oriens
319 3041 525 3120 nuncupatur
558 3039 615 3101 cul
643 3041 747 3120 orius,
779 3058 842 3121 quo
866 3038 1066 3122 demergitur

51 3125 200 3191 occidens
219 3126 270 3190 vel
290 3146 431 3208 occasus,
451 3148 514 3212 qua
533 3125 674 3190 decurrit
692 3125 851 3210 meridies,
870 3127 911 3191 ab
930 3126 1065 3192 adversa

13 3227 35 3269 ¹⁶
49 3218 144 3298 parte
173 3214 359 3298 septentrio.
404 3214 480 3279 huic
503 3214 608 3279 medio
630 3218 719 3279 terra
746 3214 894 3279 sublimis
923 3214 1101 3298 cingiturc

123 3412 166 3463 12.
184 3423 259 3462 nunc
276 3408 371 3460 autem
389 3407 422 3460 ut
438 3406 467 3460 A
485 3422 558 3460 nunc
577 3408 610 3460 ut
632 3404 742 3462 Vossius
814 3410 857 3461 20.
877 3420 968 3460 omme
987 3405 1014 3459 A

103 3504 243 3554 Pomponius
257 3505 325 3547 Melo.
887 3499 902 3547 l
