2424 3908
117 186 159 250 14
416 170 424 182 ‘
467 183 645 239 seimonu
662 181 787 238 nausa

114 349 224 434 habet,
242 349 329 415 intus
347 370 450 432 paene
471 346 726 419 innumerabiles
745 346 824 430 vias,
846 344 959 410 multis
982 342 1119 429 amb*

115 439 176 504 bus
202 438 266 504 hue
295 442 328 504 et
356 438 432 502 illue
460 436 694 519 remeantibus,
722 435 777 500 sed
801 434 954 499 continuo
982 431 1116 499 annam

116 531 149 592 et
171 549 268 612 saepe
296 526 457 592 revocatis
481 525 662 608 porticibus
687 523 858 608 ancipites:
886 522 1003 608 quibus
1024 519 1111 587 alies

116 612 1110 788 titt³tziu⁰ftsut⁶tttttitubttgdtffl

774 751 782 781 7

62 815 94 864 57
116 793 214 858 cabili
236 795 349 858 tamen
371 812 478 857 errore
497 792 668 876 perplexur
694 794 752 857 est.
798 790 938 854 cultores
961 787 1104 874 regiona.

115 882 220 947 multe
253 881 350 946 aliter
382 904 401 946 a
433 881 549 946 ceteris
582 884 692 966 agunt.
747 884 892 945 mortuos
924 877 1000 942 fimo
1032 874 1100 943 orn

115 970 290 1055 plangunt:
317 991 377 1035 nee
399 991 542 1035 aremare
570 973 628 1034 aut
648 969 759 1035 fodere
785 968 836 1033 fas
859 969 992 1052 putant,
1021 984 1099 1033 vern

116 1064 186 1125 arta
205 1059 382 1124 medicatos
401 1060 488 1124 intra
505 1058 687 1142 penetralia
704 1057 885 1124 conlocant.
926 1055 993 1120 suis
1010 1053 1091 1119 litte}

115 1169 267 1231 perverse
289 1152 434 1212 utuntur.
484 1148 590 1212 lutum
612 1148 700 1211 inter
722 1167 850 1229 manus,
872 1144 1012 1209 farinam
1034 1142 1084 1209 eal

116 1237 176 1300 bus
202 1236 365 1320 subigunt.
410 1236 517 1300 forum
540 1258 578 1301 ae
601 1236 733 1320 negotia
759 1234 914 1316 feminae,
940 1232 1002 1298 viri
1028 1251 1087 1316 pas

116 1346 154 1389 ae
190 1325 305 1389 domus
340 1330 467 1408 curant3
504 1346 603 1390 onera
639 1324 715 1389 illae
746 1324 868 1388 umeris
900 1320 936 1385 hi
967 1318 1084 1405 eapitss

116 1413 292 1498 accipiunt3
319 1418 471 1497 parentes
500 1434 573 1479 eum
601 1417 711 1498 egent,
738 1413 806 1477 illis
829 1431 960 1476 neeesse
986 1406 1084 1495 ast?

116 1501 256 1567 liberum
283 1508 335 1567 est
366 1503 462 1567 alere.
512 1502 603 1567 eibos
635 1502 746 1586 palam
776 1504 810 1565 et
837 1504 931 1565 extra
956 1499 1078 1564 teetaf

64 1612 97 1661 aa
117 1591 262 1742 appium,
304 1591 443 1743 oppeena
482 1591 619 1744 wimiis
650 1591 778 1741 aedipm
814 1589 962 1691 reddunt.
1007 1582 1070 1689 'eol

118 1699 134 1742 e
196 1701 243 1744 res
275 1701 330 1743 mu
361 1702 453 1744 orum
486 1701 574 1744 anim
621 1701 675 1743 um
705 1701 725 1742 a
762 1699 801 1742 ue
829 1700 840 1741 1
865 1700 902 1742 sa
928 1698 982 1741 ma
1065 1696 1075 1737 a

117 1699 228 1850 maiia,
257 1767 313 1832 sed
341 1768 406 1832 alia
435 1768 504 1833 alii:
535 1768 615 1833 adeo
643 1772 680 1832 ut
708 1700 864 1852 quiedarii
893 1690 1073 1831 eorummet?

116 1877 174 1940 per
210 1856 452 1940 inprudentiam
487 1857 693 1922 interemisse
730 1856 869 1940 capitale
907 1855 965 1936 rit,
1006 1854 1040 1917 et

116 1944 232 2011 morbo
269 1948 327 2010 aut
361 1946 447 2011 forte
488 1947 632 2011 extincta
668 1945 734 2009 sint
774 1944 910 2028 sepelire
947 1963 984 2007 ae
1019 1940 1071 2025 ing·

118 2034 274 2098 sollemne
307 2033 358 2099 sit.
408 2032 490 2118 Apis
522 2034 717 2118 populorum
745 2033 889 2098 omnium
917 2051 1036 2096 numen

116 2122 177 2185 bos
213 2121 307 2204 niger
339 2122 436 2186 certis
469 2123 604 2186 maculis
636 2122 775 2205 insignis
807 2125 853 2205 et
871 2120 973 2185 cauda
1004 2118 1070 2203 linp

118 2231 179 2292 que
207 2208 375 2273 dissimilis
404 2209 552 2274 aliorum.
601 2231 676 2274 raro
703 2210 849 2275 nascitur
875 2230 935 2275 nae
960 2207 1047 2274 eoitu

118 2298 223 2380 audis,
255 2301 293 2361 ut
319 2297 424 2381 aiunt,
457 2298 511 2362 sed
539 2298 696 2363 divinitus
724 2303 756 2363 et
786 2299 920 2363 caelesti
950 2298 1027 2384 igne
1059 2322 1065 2337 ¹

118 2391 242 2469 ceptus,
264 2385 396 2470 diesque
420 2408 483 2471 quo
505 2386 650 2472 gignitur
674 2387 764 2473 genti
787 2388 927 2452 maxime
945 2386 1048 2452 fastus

65 2474 182 2559 seipsi
204 2474 421 2540 vetustissimi
449 2478 486 2539 ut
507 2476 696 2559 praedicant
717 2477 886 2541 hominum
911 2476 1062 2541 trecenta·

117 2563 256 2660 tpiginta
274 2584 367 2650 reges
387 2568 462 2629 ante
481 2565 640 2649 Amasim,
663 2570 696 2629 et
714 2587 814 2649 supra
831 2565 986 2630 tredeeim
1000 2562 1059 2629 mil

119 2672 277 2716 annorum
300 2657 425 2718 aetates
445 2653 541 2718 certis
562 2654 732 2719 armalibus
751 2654 904 2736 referunt,
927 2650 1055 2718 mandas

119 2760 181 2822 que
199 2739 320 2803 litteris
340 2745 480 2824 servant,
503 2741 579 2806 dum
598 2743 757 2827 Aegyptii
776 2746 862 2828 sunt,
885 2744 1002 2826 quater
1018 2760 1055 2806 au

119 2848 194 2892 suos
216 2827 353 2892 vertisse
381 2828 486 2893 sidera
509 2851 547 2894 ae
570 2831 672 2897 solem
695 2832 747 2897 bis
774 2833 841 2896 iam
864 2830 1020 2897 occidisse
1039 2852 1054 2889 ⁴·

66 2934 100 2983 60
118 2936 203 2980 nune
235 2915 347 2981 oritur.
396 2917 516 3000 viginti
547 2920 639 2985 mitia
668 2922 800 2986 urbium
825 2920 942 2986 Amasi
972 2938 1051 3005 regn

118 3002 311 3068 habitarunt
325 3008 359 3069 et
376 3027 460 3070 nune
474 3007 593 3072 multas
607 3007 767 3076 habitant.
805 3031 915 3075 aarum
930 3006 1041 3074 clariss

189 3184 214 3232 3.
229 3185 294 3248 port
311 3177 411 3247 quibus
426 3181 489 3236 odd.
504 3180 532 3234 A
551 3181 668 3236 subinde
688 3201 737 3240 om.
758 3184 871 3240 Vossius
941 3191 966 3240 9.
981 3182 1042 3239 aon'

117 3249 158 3303 A¹
181 3249 324 3304 collocant
346 3250 387 3303 A*
464 3257 505 3306 13.
525 3259 590 3321 post
612 3253 671 3308 illis
695 3256 759 3311 add.
783 3257 811 3309 A
833 3252 997 3311 mulieribus
1020 3272 1032 3307 ε

118 3336 203 3376 ome
277 3327 318 3376 16.
337 3320 429 3390 adque
445 3323 486 3376 A¹
504 3326 588 3392 atque
610 3325 651 3379 A²
724 3332 766 3381 18.
785 3324 1036 3396 inprudentium¹

117 3389 356 3517 ξόιιᾱὲᾒξίειὲἅέἳ
429 3399 471 3448 24.
491 3392 619 3463 gignitur
641 3397 682 3450 A¹
701 3413 769 3453 cerr.
843 3403 885 3454 28.
904 3394 1022 3469 aegypti

154 3504 160 3515 .
241 3477 259 3515 a
334 3481 374 3518 ,a
1003 3466 1023 3493 '·'
