2424 3908
373 214 554 272 enonocs.
573 217 587 271 1
606 222 630 271 ι.
651 223 667 272 s
688 219 817 288 (sa-48)
1065 215 1105 278 11

83 383 188 466 potus
211 383 263 444 est
286 380 337 444 lac
361 399 520 465 sucusque
543 379 706 444 bacarum.
752 379 843 443 cibus
867 381 918 443 ast
940 399 1017 444 caro
1038 380 1108 464 plu·

83 470 211 534 rimum
233 467 351 533 ferina:
378 489 456 533 nam
479 468 647 554 gregibus,
675 468 753 552 quia
775 467 808 532 id
835 468 941 532 solum
964 468 1108 552 opimum
1127 482 1161 530 42

85 560 154 640 est,
182 557 269 642 quod
297 559 408 641 potest
434 558 588 640 parcitur.
634 556 804 622 interiores
827 556 981 622 incultius
1008 557 1107 622 stiam

86 649 245 712 secuntur
266 646 343 731 regi
366 665 498 729 pecora,
525 649 625 730 utque
648 667 668 709 a
691 644 812 730 pabulo
841 644 939 709 ducta
962 650 1038 710 sunt
1060 646 1108 710 ita

56 754 125 800 sse
154 755 193 800 ac
218 733 351 818 tuguria
379 755 439 799 sua
461 737 666 818 promovent,
695 737 792 818 atqua
819 733 876 798 ubi
905 732 976 798 diss
1001 733 1110 799 deficit

86 823 138 888 ibi
165 827 296 888 noctem
325 825 435 908 agunt.
481 842 665 907 quanquam
692 823 727 887 in
753 821 895 886 familias
922 823 1046 905 passim
1075 825 1110 886 et

88 911 161 976 sine
180 912 254 997 lega
273 911 411 995 dispersi
430 911 513 975 nihil
531 911 566 976 in
585 931 754 976 commune
778 910 975 994 consultant,
997 910 1112 976 tamcn‘

90 1000 170 1084 quia
194 999 333 1085 singulis
362 1000 489 1084 aliquot
511 999 608 1064 simul
633 999 787 1083 coniuges
816 1001 849 1062 et
872 998 981 1082 plures
1005 999 1047 1064 ob
1075 998 1109 1063 id

87 1088 187 1153 liberi
216 1088 413 1174 adgnatique
443 1091 519 1153 sunt
550 1088 712 1172 nusquam
744 1087 847 1171 pauci.
898 1108 937 1152 ex
968 1086 1019 1152 his
1052 1088 1108 1172 qui
1127 1103 1161 1152 43

46 1198 75 1238 ro
89 1176 181 1242 ultra
206 1175 335 1241 deserte
362 1198 433 1242 asse
460 1179 682 1242 memorantur
709 1175 862 1241 Atlantes
890 1175 993 1241 solem
1021 1197 1108 1241 exse-

91 1270 224 1330 crentur
242 1269 275 1330 st
293 1266 370 1330 dum
387 1264 493 1330 oritur
511 1268 545 1330 ct
568 1265 644 1329 dum
663 1264 781 1330 occidit
798 1266 835 1328 ut
853 1264 935 1347 ipsis
957 1265 1109 1351 agrisque

90 1353 292 1437 pestiferam.
324 1354 457 1418 nomina
476 1354 597 1438 singuli
614 1374 682 1418 non
695 1352 831 1435 habent,
849 1374 916 1418 non
934 1358 1109 1418 vescuntur

90 1441 302 1526 animalibus,
324 1463 430 1526 neque
448 1442 515 1507 illis
538 1443 573 1506 in
591 1443 700 1526 quiete
719 1441 829 1525 qualia
851 1441 967 1506 ceteris
990 1445 1110 1506 morta-

90 1531 179 1595 libus
202 1531 308 1595 visere
327 1531 430 1596 datur.
470 1530 666 1616 trogodytae
684 1531 847 1595 nullarum
866 1551 967 1612 opum
985 1529 1109 1595 domini
1127 1545 1162 1592 44

47 1639 75 1680 rs
91 1619 231 1684 strident
257 1620 363 1704 maffl's
391 1641 489 1704 quam
516 1620 680 1703 locuntur,
708 1639 822 1702 specus
851 1617 991 1682 subeunt
1018 1618 1108 1683 alun-

89 1711 209 1792 turque
232 1707 445 1793 serpentibus.
463 1710 473 1790 1
490 1707 577 1791 apud
600 1707 818 1773 Garamantas
842 1707 941 1771 etiam
964 1709 1111 1771 armenta
1128 1721 1162 1768 4s

90 1801 168 1860 sunt
200 1817 300 1881 eaque
332 1782 475 1881 b'blffpua
500 1796 623 1861 cervice
658 1797 847 1879 pascuntur,
883 1816 960 1858 nam
996 1796 1109 1879 pronis

91 1883 217 1950 directa
239 1885 274 1948 in
297 1885 431 1949 humum
452 1905 586 1949 cornua
601 1883 757 1949 officiunt.
802 1883 884 1947 nulli
911 1886 1001 1947 certa
1029 1904 1110 1948 uxor

91 1975 152 2038 est
197 1994 236 2037 ex
259 1973 310 2038 his
334 1973 481 2058 quitum
505 1971 639 2038 confuso
666 1971 851 2056 parentium
875 1971 963 2035 coitu
985 1970 1109 2054 passim

47 2083 76 2123 nc
89 2060 269 2146 incertique
305 2066 484 2126 nascuntur
520 2082 600 2145 quos
637 2082 696 2146 pro
733 2061 801 2125 suis
838 2060 948 2125 colant
983 2060 1110 2125 formas

90 2150 305 2214 similitudine
333 2153 523 2236 agnoscunt.
567 2149 708 2236 Augilas
736 2170 848 2213 manes
876 2151 1004 2213 tantum
1031 2148 1109 2214 deos
1127 2163 1162 2212 4e

89 2241 223 2321 putant,
252 2260 311 2322 per
338 2260 393 2304 eos
422 2238 582 2323 deierant,
615 2261 670 2304 sos
702 2242 739 2302 ut
766 2237 897 2303 oracula
929 2237 1109 2321 consulunt,

88 2327 279 2412 precatique
312 2348 394 2410 quae
426 2327 553 2411 volunt,
584 2327 641 2391 ubi
668 2326 803 2391 tumulis
832 2326 1017 2410 incubuere,
1048 2347 1109 2408 pro

90 2416 257 2499 responsis
279 2416 390 2480 ferunt
412 2416 547 2480 somnia.
592 2414 724 2480 feminis
744 2436 855 2480 eorum
879 2416 1035 2479 sollemne
1060 2416 1110 2477 est

49 2522 76 2564 ss
89 2508 187 2569 nocte
219 2526 284 2589 qua
315 2505 443 2569 nubunt
475 2504 620 2570 omnium
652 2508 767 2586 stupro
798 2507 910 2586 patere
948 2503 1004 2586 qui
1036 2523 1109 2566 cum

90 2615 223 2657 munere
247 2593 448 2674 advenerint,
476 2596 510 2657 et
531 2595 602 2656 tum
625 2612 699 2656 cum
721 2591 872 2676 plurimis
898 2590 1109 2656 concubuisse

90 2681 270 2746 maximum
284 2681 390 2764 decus,
408 2685 444 2746 in
461 2681 596 2745 relicum
613 2679 771 2763 pudicitia
784 2680 922 2764 insignis
942 2683 1001 2744 est.
1031 2678 1110 2743 nudi
1129 2694 1162 2742 4ι

90 2773 168 2834 sunt
191 2769 453 2854 Gamphasantes
482 2790 709 2853 armorumque
732 2769 877 2834 omnium
900 2769 1022 2853 ignari,
1049 2789 1110 2832 nec

90 2858 196 2923 vitare
220 2859 326 2924 sciunt
348 2859 417 2923 tela
438 2879 497 2923 nec
520 2859 637 2936 iacere,
665 2858 801 2942 ideoque
829 2858 943 2923 obvios
970 2857 1110 2942 fugiunt,

51 2965 77 3005 ιο
90 2968 196 3032 neque
234 2948 371 3012 aliorum
404 2969 501 3032 quam
537 2947 654 3032 quibus
691 2946 777 3011 idem
814 2946 940 3030 ingenii
972 2950 1021 3010 est
1053 2948 1110 3010 aut

91 3056 286 3120 congressus
314 3040 371 3101 aut
397 3037 571 3121 conloquia
598 3036 778 3120 patiuntur.
828 3034 972 3118 Blemyis
1001 3034 1110 3116 capita
1128 3049 1162 3096 48

163 3216 189 3264 4
213 3209 346 3263 secuntur
367 3208 409 3262 A¹
436 3210 590 3277 sequuntur
611 3209 653 3265 A'
729 3216 754 3265 5.
779 3208 815 3264 ad
843 3208 956 3279 tuguria
979 3208 1007 3262 A
1085 3213 1109 3261 6.

92 3296 254 3349 quanquam
276 3279 317 3334 A¹
339 3296 408 3335 corr.
484 3285 525 3334 10.
545 3282 724 3335 exsecrantur
746 3281 787 3334 4¹
811 3281 975 3334 execrantur
997 3276 1038 3330 Α2

94 3357 136 3407 15.
155 3351 287 3406 locuntur
305 3350 346 3403 4¹
364 3349 518 3419 loquuntur
535 3350 576 3404 4²
649 3358 691 3405 2⁷.
710 3351 826 3405 relicum
845 3350 886 3403 A¹
909 3348 1048 3417 reliquum
1068 3345 1110 3400 4²

164 3420 286 3491 insignis
306 3422 350 3474 est
368 3421 410 3475 Αι
428 3438 496 3477 cerr.
571 3427 614 3475 31.
634 3420 764 3489 conloqia
786 3421 826 3476 A¹
851 3418 974 3487 colloqia
996 3418 1038 3472 Al

93 3493 221 3563 blemyes
240 3493 268 3547 A
286 3491 440 3560 blemyisv
