2424 3908
285 198 465 255 uflououu.
485 200 498 254 1
518 207 551 257 ro
570 202 735 272 (no-nr)
753 203 780 256 11
801 208 814 256 1
835 204 876 273 (1)
1038 203 1080 267 2'1

64 348 207 444 rentur(
232 362 323 426 solus
356 365 465 427 aestus
498 361 701 447 hiememque
734 363 825 429 iuxta
856 362 964 429 ferens
995 364 1083 430 idem

65 470 196 533 semper
213 451 248 512 et
266 449 315 515 sui
335 450 451 515 similis
470 450 689 535 inuitatusque
707 451 865 516 decurrat
901 452 989 536 ripas
1013 452 1081 518 eius
1093 466 1144 527 nu

65 535 281 603 Sauromatae
313 541 347 603 et
377 537 458 620 ripis
489 538 660 604 haerentia
690 539 873 622 possident,
904 562 969 605 uua
1002 559 1081 624 gens

65 627 194 709 aliquot
218 625 332 708 populi
359 629 392 690 et
424 625 551 710 aliquot
583 626 724 692 nomina.
773 627 871 711 primi
898 626 1082 694 Maeotidae

38 713 432 799 eGynaeoooratumeuoe
462 735 565 800 regna
596 716 812 798 Amazonum,
844 715 997 781 fecundos
1029 738 1083 800 pa-

64 803 145 868 bulo
169 805 204 867 at
222 801 288 866 alia
311 801 440 866 steriles
457 802 625 886 nudosque
649 825 781 887 campos
799 807 919 869 teuent
964 804 1083 869 Budini

64 889 229 955 Gelonion
245 889 360 954 urbem
379 890 523 973 ligneam
540 889 702 956 habitunt.
748 892 840 956 iuxta
858 891 1082 976 Thyssagetae

64 977 253 1061 Turoaeque
274 980 384 1042 vastas
406 978 506 1043 silvas
530 983 690 1062 occupant
712 979 908 1062 alunturque
925 979 1082 1046 uenando.

65 1068 136 1131 tum
159 1065 323 1131 continuis
341 1065 476 1148 rupibus
499 1066 565 1131 late
585 1087 701 1149 aspera
719 1070 753 1132 et
774 1066 904 1132 deserta
925 1067 1017 1152 ragio
1041 1067 1144 1132 adm

30 1172 55 1214 ro
67 1152 293 1237 Aremphaeos
315 1174 417 1236 usque
439 1155 651 1237 permittitur.
694 1155 746 1219 his
769 1154 942 1220 iustissimi
964 1176 1082 1238 mores,

65 1262 201 1307 nemora
227 1263 286 1324 pro
315 1241 480 1325 domibus,
507 1242 663 1308 alimenta
690 1243 804 1325 baeae,
832 1246 865 1307 et
891 1243 1021 1308 feminis
1049 1247 1083 1308 et

66 1330 213 1397 maribus
231 1328 318 1393 nuda
332 1333 408 1394 sunt
427 1329 544 1412 capita
574 1331 658 1396 saori
677 1331 788 1415 itaque
806 1331 976 1415 habentur,
990 1331 1083 1397 adeo·

66 1440 129 1504 que
151 1418 241 1502 ipsos
264 1438 361 1482 nemo
385 1417 423 1482 de
446 1421 516 1483 tam
539 1419 617 1485 feris
640 1419 794 1503 gentibus
816 1419 929 1502 violat,
950 1424 988 1484 ut
1007 1420 1082 1485 aliis

66 1527 196 1591 quoque
219 1505 260 1570 ad
283 1526 339 1570 eos
363 1505 547 1589 confugisse
571 1529 630 1590 pro
654 1507 745 1590 asylo
769 1507 822 1571 sit.
866 1507 954 1572 ultra
977 1507 1082 1592 surgit

30 1611 163 1660 umens
186 1593 352 1677 Riphaeus
378 1595 529 1678 ultraque
557 1617 630 1660 eum
658 1595 743 1660 iacet
765 1616 823 1660 ora
850 1615 933 1678 quae
956 1599 1083 1679 spectat

66 1703 233 1748 oceanum.

112 1931 344 2004 POMPONII
373 1931 540 2004 MELAE
568 1931 632 2004 DE
661 1929 1035 2004 OHOROGRAPHIA

494 2086 593 2152 Liber
615 2086 656 2152 H.

156 2208 257 2276 Asiae
292 2211 327 2274 in
362 2209 521 2276 Nostrum
560 2231 650 2275 mare
686 2210 876 2294 Tanainque
916 2209 1081 2294 vergentis

27 2318 53 2358 su
67 2319 166 2382 quem
194 2298 261 2362 dixi
288 2298 362 2363 finis
390 2319 428 2362 ao
455 2299 538 2363 situs
561 2302 624 2380 est,
652 2320 689 2363 ao
712 2319 770 2382 per
795 2297 930 2363 eundem
953 2319 1083 2362 amnem

64 2386 102 2451 in
133 2385 298 2452 Maeotida
329 2387 549 2451 remeantibus
586 2386 627 2451 ad
659 2385 825 2451 dexteram
856 2385 990 2470 Europa
1024 2390 1083 2467 est,

65 2473 165 2539 modo
197 2475 330 2539 sinistro
362 2474 464 2539 latere
500 2474 760 2559 innavigantium
793 2473 952 2555 adposita.
1007 2472 1083 2538 inde

65 2560 226 2646 Riphaeis
255 2562 420 2630 montibus
448 2583 619 2646 proxuma,
646 2565 679 2626 et
705 2561 768 2626 hue
796 2561 882 2625 enim
908 2561 1084 2644 pertinent,

67 2651 220 2716 uadentes
248 2649 381 2715 adsidue
408 2651 500 2716 nives
527 2649 606 2714 adeo
634 2649 725 2714 invia
752 2648 910 2733 efficiunt,
937 2651 974 2713 ut
996 2649 1083 2713 ultra

26 2756 54 2798 aa
67 2759 109 2803 ne
132 2739 239 2803 visum
263 2737 392 2822 quidem
414 2736 653 2804 intendentium
671 2737 855 2802 admittant.
900 2736 1014 2801 deinde
1033 2739 1084 2801 ost

65 2826 159 2910 regio
188 2826 265 2891 ditis
298 2826 472 2892 admodum
501 2826 576 2909 soli,
598 2825 826 2890 inhabitabilis
854 2829 978 2909 tamen,
1008 2826 1085 2909 quia

66 2915 164 3000 grypi
187 2936 320 2979 saevum
343 2918 376 2979 et
397 2915 549 2998 pertinax
570 2914 713 2979 ferarum
731 2934 833 2999 genus
857 2935 972 2978 aurum
994 2916 1084 2977 terra

65 3002 198 3086 penitus
227 3007 376 3086 egestum
402 3003 484 3068 mire
513 3006 625 3067 amant
650 3002 795 3086 mireque
823 3000 1023 3083 custodiunt,
1050 3005 1084 3065 et

1111 2183 1129 2308 l

139 3183 164 3231 2.
184 3173 339 3229 subsimilis
357 3175 386 3229 A
405 3174 449 3229 sui
468 3174 569 3229 similis
587 3191 608 3229 a
680 3180 704 3229 4.
725 3173 841 3242 aliquod
855 3174 896 3228 A¹
914 3173 1023 3241 aliquot
1041 3172 1083 3226 A*

64 3248 134 3319 (bis)
209 3251 233 3301 5.
258 3246 573 3317 Gynlseeooratumenoe
597 3246 625 3300 A
701 3253 726 3300 6.
746 3247 777 3298 at
798 3244 856 3298 alia
877 3246 917 3300 oio
939 3243 967 3297 A
1040 3250 1082 3297 14.

66 3333 193 3386 quosque
212 3315 254 3370 Αι
272 3333 382 3386 quoquo
401 3317 442 3370 A²
515 3323 557 3373 21.
577 3332 698 3386 europae
713 3316 741 3370 A
758 3316 872 3384 Europa
889 3315 967 3368 estu
1039 3318 1082 3367 22.

66 3386 201 3458 adposita
214 3386 256 3440 Αι
270 3387 402 3458 apposita
414 3387 456 3440 A’
493 3394 536 3442 22.
552 3391 595 3441 23.
610 3387 641 3440 in
654 3385 811 3456 aeriphaeis
825 3384 854 3439 A
867 3383 932 3438 inde
946 3382 1082 3452 Riphaeis

65 3460 167 3528 resipui
238 3474 375 3527 proxuma
392 3460 431 3514 sio
450 3458 478 3511 A
551 3464 593 3511 24.
614 3456 731 3511 adsidue
750 3456 791 3510 A¹
809 3454 920 3509 assiduo
939 3453 981 3507 A²
