2424 3908
334 209 515 268 ofloaoaa.
533 211 547 265 1
566 216 672 268 re-io
689 214 815 281 (ru-ar)
1039 213 1080 278 19

62 374 212 459 ignibus,
240 370 335 438 Sidae
361 376 460 456 portu
488 377 522 438 et
544 372 642 438 Tauri
669 375 896 456 promunturio
924 376 1079 458 grandem

64 463 172 526 sinum
197 459 328 526 claudit.
372 459 499 526 Taurus
526 460 596 544 ipse
624 459 665 525 ab
688 460 768 526 Eois
791 461 944 528 litoribus
972 484 1079 530 exsur-
1099 479 1133 529 81

64 570 147 634 gens
183 553 275 619 vaste
311 549 390 614 satis
428 548 603 632 attollitur,
640 548 714 614 dein
751 551 864 615 dextro
900 551 1003 617 latere
1040 553 1081 618 ad

65 638 332 722 septentrionem,
355 637 489 703 sinistro
513 636 554 702 ad
577 636 747 702 meridiem
766 658 877 704 versus
899 640 979 704 itin
999 641 1081 706 occi·

35 746 49 786 s
66 726 197 791 dentem
211 729 317 790 rectus
332 730 366 790 et
382 729 539 810 perpetuo
553 725 641 809 iugo,
659 745 917 812 magnarumque
934 728 1081 813 gentium

65 836 133 899 qua
154 815 286 879 dorsum
310 815 381 897 agit
402 814 571 897 terminus,
594 813 651 879 ubi
673 817 779 879 terras
802 815 932 880 diremit
957 817 1024 881 exit
1046 817 1081 881 in

64 902 212 986 pelagus.
256 902 344 966 idem
368 905 476 967 autem
500 907 533 967 et
555 905 656 984 totus,
677 904 715 966 ut
738 902 843 967 dictus
867 905 930 987 est,
953 903 1080 989 dicitur,

65 991 166 1055 etiam
190 1012 254 1074 qua
273 993 400 1073 spectat
418 990 584 1072 orientem,
607 989 723 1053 deinde
740 989 925 1055 Haemodes
945 995 978 1056 et
997 990 1080 1057 (lau-

65 1099 160 1143 casus
194 1081 226 1142 et
252 1077 466 1161 Propanisus,
497 1082 567 1142 tum
595 1074 732 1160 Caspiae
764 1079 878 1162 pylas,
910 1078 1079 1164 Niphates,

22 1186 49 1226 ιο
64 1166 239 1231 Armeniae
266 1167 378 1250 pylae,
410 1168 443 1230 et
469 1166 526 1230 ubi
552 1167 619 1230 iam
645 1169 758 1231 nostra
785 1167 889 1231 maria
918 1168 1080 1251 contingit

63 1254 188 1319 Taurus
216 1253 344 1318 iterum.
389 1257 464 1337 post
479 1254 559 1318 ⁴eius
591 1255 852 1336 promunturium
882 1255 1002 1320 flumen
1030 1260 1080 1321 est
1098 1270 1131 1319 82

62 1343 199 1425 Limyra
222 1345 255 1406 et
278 1341 391 1406 eodem
412 1341 545 1406 nomine
567 1341 696 1426 civitas,
720 1345 817 1426 atque
840 1346 878 1407 ut
895 1343 999 1408 multa
1022 1366 1079 1427 op·

61 1430 140 1514 pida
158 1429 205 1494 sic
222 1433 351 1512 praeter
368 1429 521 1494 Pataram
539 1450 605 1494 non
623 1430 782 1496 inlustria.
823 1430 916 1494 illam
934 1431 1078 1496 nobilem

62 1518 144 1582 facit
155 1518 325 1583 delubrum
340 1518 503 1602 Apollinis
518 1517 682 1601 quondam
696 1517 812 1601 opibus
828 1523 861 1582 et
875 1519 998 1584 oraculi
1015 1519 1078 1584 fide

21 1624 49 1664 15
63 1605 224 1690 Delphico
234 1606 350 1671 simile.
371 1607 457 1671 ultra
467 1609 517 1670 est
502 1605 675 1670 tXanthus
685 1606 804 1671 flumen
819 1611 853 1671 et
861 1607 950 1672 Xan
951 1607 1011 1673 hos
1021 1629 1078 1691 op·

62 1693 186 1778 pidum,
200 1715 293 1759 mons
304 1693 427 1779 Cragus
442 1699 475 1759 et
490 1715 570 1778 quae
583 1694 800 1776 Lyciamt
726 1695 800 1758 finit
814 1694 892 1759 urbs
902 1696 1076 1761 Telmesos.

154 1780 251 1847 (laria
279 1783 433 1867 sequitur
477 1781 571 1846 habit
557 1786 629 1846 tant
656 1782 798 1846 incertae
828 1783 973 1867 originis.
1019 1761 1130 1887 alii,16

61 1869 244 1955 indigenas,
263 1875 339 1935 sunt
352 1893 407 1955 qu1
399 1869 586 1954 Pelasgos,
606 1869 734 1952 quidam
750 1867 828 1935 Cret
813 1874 864 1935 tas
880 1838 1130 1936 existimant.83

63 1979 167 2042 genus
190 1979 292 2043 usque
315 1980 353 2023 eo
376 1958 538 2042 quondam
562 1978 725 2021 armorum
748 1978 941 2042 pugnaeque
965 1981 1077 2023 amans

21 2064 47 2105 ro
61 2051 100 2111 ut
119 2046 225 2112 aliena
245 2047 344 2111 etiam
363 2046 451 2110 bella
469 2045 669 2110 mercedibus
690 2051 832 2130 agerent
869 2046 923 2112 hic
942 2046 1078 2112 castella

60 2139 138 2199 sunt
156 2135 295 2218 aliquot,
317 2134 392 2198 dein
414 2134 639 2217 promunturia
662 2133 725 2199 duo
749 2135 907 2200 Pedalion
931 2140 964 2199 et
984 2133 1077 2218 Crya,

59 2228 92 2287 et
116 2223 290 2286 secundum
315 2220 445 2286 Calbim
469 2243 597 2287 amnem
620 2220 750 2287 Caunus
775 2223 928 2306 oppidum
955 2223 1074 2288 valetu-

58 2311 133 2375 dine
155 2310 378 2375 habitantium
402 2309 532 2374 infame.
575 2309 651 2374 inde
675 2310 716 2374 ad
738 2310 973 2376 Halicarnason
996 2312 1077 2376 haec
1093 2326 1130 2375 84

58 2399 181 2464 iacent:
204 2397 408 2463 Rhodiorum
427 2398 550 2482 aliquot
568 2397 725 2481 coloniae,
747 2403 862 2481 portus
880 2398 953 2481 duc,
977 2397 1076 2465 Gelos

19 2503 45 2545 re
59 2492 93 2552 et
112 2486 163 2552 cui
178 2507 219 2550 ex
235 2486 315 2551 urbe
335 2509 432 2570 quam
452 2486 658 2569 amplectitur
672 2486 884 2569 Thyssanusa
898 2507 1077 2571 cognomen

59 2578 124 2658 est,
148 2575 234 2639 inter
258 2596 312 2639 eos
337 2575 489 2658 oppidum
511 2573 676 2638 Larumna
702 2578 734 2637 et
753 2573 900 2638 Pandion
924 2574 1018 2638 sollis
1041 2576 1076 2638 in

58 2685 149 2727 mare
178 2663 328 2747 emissus,
356 2668 425 2727 tum
455 2667 522 2726 tres
551 2684 589 2726 ex
618 2660 730 2726 ordine
759 2661 863 2744 sinus,
896 2662 1075 2745 Thymnias

59 2748 227 2815 Schoenus
250 2750 425 2834 Bubasius,
455 2749 635 2833 Thymniae
663 2750 925 2832 promunturium
948 2750 1075 2833 Aphro-

59 2838 180 2902 disium
204 2843 263 2922 est,
287 2837 449 2903 Schoenus
474 2838 577 2902 ambit
595 2837 726 2921 Hylam,
749 2837 912 2902 Bubasius
933 2836 1074 2923 Cyrnon.

131 3046 282 3103 2.eoisA¹
292 3063 359 3101 corr.
404 3052 464 3101 99
480 3046 679 3115 exsurgensA¹
694 3062 829 3116 exurgens
845 3046 886 3100 A²
929 3046 1075 3101 tdirimit

58 3118 86 3171 A
101 3115 217 3170 diremit
234 3134 254 3171 u
313 3124 338 3171 8.
350 3116 512 3188 florientem
525 3118 552 3170 A
617 3122 658 3170 12.
674 3116 783 3184 lymyra
800 3118 827 3170 A
888 3124 928 3172 13.
945 3116 1075 3170 inlustria

59 3187 101 3241 A¹
124 3186 248 3241 illustria
265 3187 307 3240 A2
380 3193 421 3242 14.
446 3185 565 3240 oraculis
583 3187 611 3241 A
687 3195 728 3242 16.
749 3187 860 3256 grauius
883 3191 911 3241 A
931 3187 1021 3256 Cragu
1023 3205 1074 3242 so

113 3256 270 3338 <urb>sA
324 3264 365 3312 19.
385 3258 472 3312 etA¹
492 3255 580 3311 eoA
634 3263 675 3310 21.
697 3257 896 3326 cytriaAOry
899 3258 1075 3312 aBorburua

131 3335 173 3384 22.
194 3327 310 3397 galbian
328 3329 355 3382 A
375 3327 484 3382 Calbim
496 3328 641 3382 Burburus
713 3335 755 3382 24.
775 3278 896 3395 aliquod
906 3329 948 3381 Ar
967 3327 1075 3394 aliquot

59 3398 101 3452 A*
179 3404 221 3454 98.
243 3397 393 3452 bubaesius
417 3400 444 3453 A
468 3397 603 3454 Rubenius
630 3399 728 3468 scripsi
809 3405 851 3453 99.
875 3397 1023 3452 bubaesius
1047 3402 1074 3452 A

131 3485 236 3537 crynon
254 3472 282 3523 A
302 3468 412 3537 Cyrnon
430 3469 556 3525 Bursian

877 3559 913 3609 ᾖ*
