2424 3908
116 207 160 271 42
463 203 642 261 POMPONII
659 203 784 259 MELAE

116 368 278 453 Bononia,
305 367 529 433 Romanorum
550 365 711 450 coloniae,
739 365 779 430 ad
806 365 951 430 dextram
975 362 1090 450 Capua
1113 388 1133 431 a

117 456 242 542 Tuscis,
266 460 299 522 et
320 457 425 522 Roma
448 455 611 540 quondam
631 477 651 518 a
672 453 861 538 pastoribus
885 454 1024 539 condita,
1046 477 1133 521 nunc

63 564 96 613 61
117 547 145 611 si
181 568 241 630 pro
278 545 416 609 materia
448 543 576 609 dicatur
613 543 751 608 alterum
783 564 874 626 opus.
928 546 962 608 at
997 544 1034 607 in
1066 544 1133 610 oris

115 635 264 719 proxima
282 636 334 698 est
356 655 376 698 a
393 633 547 718 Tergeste
567 629 756 697 Concordia.
801 631 960 696 interfluit
979 631 1133 698 Timavus

115 743 232 787 novem
261 722 423 806 capitibus
452 741 640 806 exsurgens,
669 741 734 785 uno
763 720 848 784 ostio
877 721 1030 806 emissus3
1058 721 1155 787 deinr

114 809 233 876 Natiso
260 806 327 875 non
353 811 451 896 longe
480 831 500 874 a
527 809 611 874 mari
638 808 738 873 ditem
766 808 909 893 adtingit
935 808 1133 893 Aquileiam.

63 917 96 967 62
116 900 204 964 ultra
223 903 273 964 est
287 898 446 963 Altinum.
480 899 645 983 superiora
662 898 728 962 late
747 900 884 980 occupat
902 897 1000 962 litora
1013 895 1133 964 Padus.

114 1009 255 1072 namque
274 987 315 1053 ab
333 988 409 1052 imis
427 987 589 1053 radicibus
603 985 718 1052 Vesuli
735 986 857 1050 montis
877 989 1006 1050 exortus
1021 987 1132 1070 parvis

116 1097 150 1141 se
171 1076 315 1160 primum
338 1075 521 1141 efontibus
540 1075 677 1160 colligit,
699 1077 732 1138 et
752 1074 956 1159 aliquatenus
976 1074 1070 1139 axilis
1095 1097 1132 1140 ac

115 1185 232 1248 macer,
255 1186 331 1229 mox
355 1165 428 1229 aliis
453 1163 604 1228 amnibus
628 1163 708 1228 adeo
732 1163 880 1246 augescit
899 1165 997 1246 atque
1022 1164 1167 1248 alibrr,'u

114 1255 152 1316 ut
171 1273 204 1316 se
223 1274 282 1336 per
300 1255 425 1335 septem
445 1253 486 1317 ad
504 1255 706 1335 postremum
724 1251 811 1316 ostia
831 1251 983 1316 effundat.
1028 1273 1132 1317 unum

62 1359 96 1408 63
116 1342 155 1405 de
174 1341 222 1404 eis
241 1360 395 1424 magnum
413 1339 538 1405 Padum
558 1340 732 1424 adpellant.
772 1340 847 1404 inde
866 1343 935 1404 tam
954 1340 1038 1405 citus
1056 1362 1131 1424 pro·

115 1429 197 1510 silit,
224 1431 262 1492 ut
284 1429 438 1493 discussis
462 1428 615 1493 fluctibus
638 1428 693 1492 diu
716 1429 844 1512 qualem
872 1428 983 1493 emisit
1009 1429 1133 1494 undam

115 1520 206 1603 agat,
236 1538 393 1600 suumque
421 1517 520 1582 etiam
547 1517 584 1581 in
611 1517 695 1581 mari
723 1517 851 1581 alveum
879 1520 998 1600 servet,
1031 1517 1132 1583 donec

115 1628 188 1670 eum
207 1627 246 1669 ex
265 1605 400 1670 adverso
418 1604 515 1670 litore
528 1604 674 1670 Histriae
693 1605 806 1669 eodem
824 1605 947 1689 impetu
964 1606 1132 1689 profluens
1144 1622 1167 1664 1⁵

114 1693 228 1759 Hister
255 1693 361 1758 amnis
389 1692 536 1778 excipiat.
581 1693 643 1758 hac
670 1715 706 1758 re
728 1715 787 1777 per
814 1715 853 1759 ea
875 1694 948 1759 loca
972 1695 1131 1780 navigan·

114 1783 202 1848 tibus
281 1805 300 1846 a
322 1782 485 1867 utrimque
507 1804 617 1848 amnes
642 1786 730 1866 eunt,
754 1783 1004 1847 intermarinas
1029 1805 1131 1868 aquas

61 1887 95 1936 64
115 1803 416 1937 dulcflduhaustus
445 1874 504 1936 est.
550 1871 681 1936 aPado
710 1870 751 1934 ad
774 1869 944 1936 Anconam
971 1873 1132 1938 transitur

113 1959 278 2043 Ravenna,
300 1959 493 2044 Ariminum,
515 1958 696 2042 Pisaurum,
718 1958 884 2024 Fanestris
908 1959 1050 2044 colonia,
1073 1961 1132 2026 flu·

114 2069 188 2111 men
206 2047 373 2112 Metaurus
393 2051 491 2132 atque
508 2047 614 2113 Aesis.
655 2051 687 2112 et
705 2047 764 2111 illa
781 2047 816 2112 in
835 2051 977 2132 angusto
994 2049 1130 2115 illorum
1144 2065 1168 2107 ω

114 2136 251 2200 duorum
273 2136 574 2220 promunturiorum
597 2157 636 2201 ex
659 2136 786 2200 diverso
810 2138 995 2201 cubantium
1018 2137 1132 2203 inflexi

113 2223 215 2289 cubiti
238 2225 380 2310 imagine
403 2223 532 2309 sedens,
562 2227 596 2289 et
617 2225 689 2289 ideo
714 2246 734 2288 a
757 2223 852 2289 Grais
876 2225 962 2292 diota
984 2224 1131 2310 Ancona,

113 2313 201 2377 iuter
219 2311 363 2378 Gallicas
381 2312 579 2396 Italicasque
603 2317 717 2397 gentas
729 2313 831 2397 quasi
848 2314 1007 2379 terminus
1031 2315 1131 2380 inter-

60 2416 94 2467 65
115 2405 175 2467 est
224 2400 305 2465 haec
332 2400 420 2465 em’m
446 2422 654 2486 praegressos
683 2400 795 2467 Piceni
827 2402 924 2467 litora
952 2403 1130 2487 excipiunt:

113 2491 148 2554 in
180 2490 297 2574 quibus
323 2488 488 2572 Numana,
515 2488 682 2572 Potentia,
714 2487 853 2573 Cluana,
881 2488 990 2574 Cupra
1022 2491 1129 2575 urbes,
1142 2505 1165 2548 ¹⁵

113 2580 247 2644 castella
279 2582 387 2644 autem
414 2577 572 2663 Firmum,
603 2578 741 2662 Hadria,
772 2579 1001 2663 Truentinum3
1033 2580 1067 2644 id
1098 2584 1130 2645 et

113 2666 212 2732 fluvio
237 2668 293 2751 qui
310 2668 467 2751 praeterit
488 2688 609 2732 nomen
626 2670 686 2732 est.
732 2667 773 2732 ab
797 2689 835 2733 eo
853 2666 1010 2732 Frentani
1033 2669 1129 2734 mari·

112 2754 194 2819 tima
220 2754 356 2838 habent,
384 2754 502 2820 Aterni
530 2756 671 2821 fluminis
699 2756 798 2840 ostia,
825 2755 922 2820 urbes
945 2754 1069 2822 Bucam
1097 2762 1129 2823 et

186 2917 210 2966 1.
229 2910 315 2964 bonia
333 2910 361 2964 A
375 2909 503 2967 Bononia
520 2929 541 2968 x
612 2918 637 2969 2.
657 2911 798 2980 quondam
815 2910 976 2983 pastoribus
995 2913 1023 2966 A
1042 2929 1128 2982 quon·

114 2982 178 3036 dam
198 2998 215 3035 a
233 2981 424 3052 pastoribusc
496 2989 520 3039 3.
541 2981 608 3036 oriis
622 2982 651 3035 A
723 2989 748 3038 6.
767 2982 840 3037 atiso
854 2982 882 3036 A
896 2982 1027 3039 Natisoc
1081 2984 1128 3038 ad·

111 3051 198 3123 tingit
215 3053 256 3106 A¹
274 3053 393 3124 attingit
409 3053 450 3108 A'
505 3060 529 3110 t.
549 3071 581 3108 su
603 3052 675 3107 erita
692 3052 720 3106 A
739 3053 884 3124 superiora
900 3071 921 3109 rc
975 3059 1001 3111 8.
1019 3055 1129 3110 vesuvii

111 3124 139 3177 A
157 3123 283 3179 vesulicc
345 3131 386 3180 12.
406 3125 551 3196 adpellant
601 3124 610 3156 ¹
629 3122 777 3194 appellant
794 3124 834 3178 A’
890 3131 932 3180 19.
950 3124 1083 3180 fenestris
1101 3127 1128 3180 A

111 3193 252 3249 Fanestris
271 3211 292 3249 a
363 3202 406 3251 25.
424 3197 547 3250 humana
565 3195 593 3249 A
611 3192 741 3249 Numana
764 3196 911 3251 Vedianas
969 3196 1083 3264 clyerna
1101 3198 1128 3251 A

112 3265 218 3320 Cluana
238 3265 380 3323 Claudius
435 3283 522 3336 cypra
539 3267 566 3320 A
586 3266 679 3336 Cupra
695 3267 843 3323 Barbarae
897 3273 940 3323 26.
958 3267 1069 3321 firmum
1087 3267 1127 3321 A¹

110 3337 232 3390 firmium
254 3337 295 3391 A¹
367 3337 397 3390 id
420 3337 447 3392 ei
470 3336 498 3389 A
521 3334 551 3388 id
574 3337 604 3390 et
632 3337 744 3393 Vocatus
815 3345 859 3394 27.
883 3336 989 3392 frentra
1012 3338 1083 3392 villa
1100 3339 1128 3392 A
1161 3338 1166 3345 '

111 3407 243 3532 Ἑξθηὴαιιὶ
257 3409 383 3464 Bursian
437 3412 479 3463 28.
499 3406 608 3462 aeterni
626 3408 654 3461 A
672 3409 800 3465 Atemic
854 3411 959 3465 bucata
976 3408 1004 3462 A
1023 3409 1128 3464 Bucam

139 3480 228 3533 iudas
