2424 3908
119 201 162 268 70
465 200 644 258 ΡΟΜΡΟΝΙΙ
661 201 786 257 MELAE

92 366 320 450 -regionibus,
347 369 385 431 ul
407 364 443 430 iu
466 365 576 449 aliqua
597 369 692 449 paria
716 365 785 434 eius
811 368 925 431 neuter
950 365 1133 450 septentrio

117 454 285 539 adpareat,
312 454 471 538 aliterque
495 475 593 538 quam
616 454 652 523 in
675 453 748 522 aliie
770 454 838 521 'orie
865 454 1000 529 umbrae
1023 475 1134 521 rerum

64 559 97 608 on
117 544 158 608 ad
176 542 343 612 meridiem
362 542 500 608 iaceant.
541 546 685 612 celerum
703 541 832 626 fertilis,
850 547 884 609 ot
902 542 993 609 venio
1011 562 1134 628 genere

117 631 286 716 hominum
305 630 507 715 aliorumque
531 631 721 701 animalium
740 634 852 699 scates
898 630 959 697 alit
976 630 1132 698 fornices

115 741 182 788 non
208 720 351 785 minores
379 719 531 789 maximis
554 720 701 803 canibus,
730 741 812 804 quas
835 740 926 787 more
949 735 1156 805 grypouum

72 824 78 838 ·
115 829 230 877 omum
257 808 388 892 penitus
417 811 565 893 egestum
593 829 666 873 cum
699 829 825 874 summa
852 808 995 891 pernicie
1028 809 1134 875 edlin-

116 897 262 981 geulium
279 895 440 966 custodire
454 899 717 982 commemorant,
735 897 893 965 immanes
908 899 942 962 ei
955 901 1133 981 serpentes,

116 986 218 1070 aliqui
240 989 277 1050 ut
300 984 491 1069 elephantos
510 1006 621 1050 morsu
644 989 741 1070 eique
764 986 890 1068 ambitu
913 986 1060 1069 corporis
1079 986 1134 1052 ad·

115 1074 332 1159 ficianl;·tam
354 1073 486 1158 pinguis
509 1074 631 1139 alicubi
655 1078 689 1139 ei
710 1078 780 1142 tem
802 1072 919 1144 feracis
943 1074 1016 1158 soli,
1039 1077 1078 1155 ut
1099 1075 1135 1140 in

116 1184 154 1228 eo
177 1163 276 1227 mella
302 1162 466 1227 frontibus
495 1162 652 1246 defluant,
679 1163 773 1228 lanas
798 1162 899 1229 silvae
925 1161 1048 1246 ferant,
1075 1163 1132 1229 he·
1145 1179 1168 1219 1⁰

114 1250 290 1315 nundinum
312 1250 390 1316 fissa
412 1251 598 1317 internodia
620 1251 723 1317 veludi
742 1251 839 1317 navia
861 1251 957 1316 binos
981 1254 1015 1315 el
1038 1273 1134 1336 quaa

64 1355 96 1402 63
117 1339 192 1403 dam
209 1341 320 1403 ternos
340 1338 439 1403 etiam
457 1338 587 1403 vehant.
628 1340 791 1405 cultorum
809 1339 942 1405 habitus
961 1361 1134 1425 moresque

115 1428 299 1494 dissimiles.
338 1427 407 1493 lino
426 1426 483 1492 elii
500 1427 685 1494 vestiuntur
703 1430 760 1495 aui
778 1428 863 1494 lauis
882 1449 962 1513 quas
982 1427 1135 1514 diximus,

116 1516 173 1582 elii
194 1516 303 1582 avium
325 1514 531 1600 ferorumque
549 1516 705 1600 pellibus,
727 1538 804 1599 pars
822 1517 900 1582 nudi
920 1519 1034 1602 agunt,
1056 1538 1133 1600 para

114 1608 243 1671 lanium
266 1605 406 1671 obscena
427 1604 540 1688 ueleii3
564 1604 621 1669 alii
643 1605 783 1670 humiles
805 1604 977 1689 paruique,
1003 1605 1061 1671 alii
1083 1605 1167 1670 icus

39 1712 42 1717 ·
114 1693 240 1777 proceri
264 1696 297 1757 et
315 1713 449 1776 corpore
472 1692 632 1778 ingentes,
655 1696 693 1758 ul
712 1693 896 1777 elephantis
915 1693 1015 1758 etiam
1035 1696 1069 1759 el
1086 1693 1134 1759 ibi

115 1780 266 1847 maximis
290 1782 374 1851 siout
391 1803 453 1851 uos
473 1783 563 1866 equis
582 1782 679 1848 facile
699 1785 796 1866 atque
815 1782 971 1847 habiliter
988 1785 1135 1848 utantur.

62 1869 249 1954 ecquidem
279 1870 407 1935 nullum
441 1869 565 1936 animal
601 1870 760 1954 occidere,
795 1871 886 1936 nulla
918 1891 1013 1936 cerne
1045 1871 1135 1937 vesci

115 1960 275 2043 optimum
306 1959 511 2042 existimant,
543 1959 702 2044 quosdam
732 1962 863 2024 tantum
894 1959 999 2042 pisces
1033 1959 1135 2024 alumi

115 2048 246 2132 quidam
269 2048 411 2131 proximi
432 2052 585 2130 parentes
608 2049 799 2132 priusquam
824 2049 917 2113 anuis
946 2050 1004 2112 aui
1027 2048 1168 2132 aegei-u

114 2135 226 2203 tudine
249 2135 284 2200 in
312 2135 449 2201 maciem
477 2139 552 2201 eant
574 2136 664 2202 velut
691 2136 817 2202 hostias
846 2134 997 2219 caedunt,
1025 2157 1135 2201 caeso·

114 2245 250 2308 rumque
276 2223 454 2292 visceribus
482 2224 608 2306 epulari
635 2223 686 2289 fas
719 2227 752 2290 el
781 2225 920 2290 maxims
951 2223 1044 2308 pium
1074 2229 1134 2290 esd

62 2326 96 2377 65
116 2316 151 2377 at
173 2313 229 2377 ubi
252 2315 401 2377 seneclus
429 2315 487 2376 aut
514 2313 645 2379 morbus
674 2313 808 2380 incessit
833 2312 947 2397 procul
974 2314 1134 2379 acaieris

115 2402 247 2484 abeunt,-
267 2403 471 2485 mortemque
489 2399 525 2467 in
543 2401 717 2468 solitudine
735 2401 819 2466 nihil
842 2401 932 2467 anxii
951 2404 1134 2484 expectaui

114 2489 341 2573 prudentiores
361 2493 393 2553 el
417 2489 533 2574 quihus
553 2511 606 2556 ars
630 2490 836 2575 studiumque
855 2489 1035 2574 sapientiae
1059 2511 1134 2556 oon·
1146 2504 1171 2546 π

114 2578 215 2664 tingit
232 2600 298 2644 non
318 2581 491 2663 expectant
510 2600 591 2663 eam,
610 2579 667 2644 sed
684 2578 860 2663 ingerendo
880 2581 983 2644 semet
1000 2577 1134 2663 ignibus

62 2681 96 2730 ee
116 2667 195 2732 laeti
218 2671 252 2732 et
274 2688 347 2731 oum
370 2666 477 2751 gloria
499 2671 675 2733 arcessunt.
720 2667 851 2733 urbium
865 2688 953 2752 ¹ques
977 2667 1135 2752 incolunt,

116 2758 193 2821 euni
216 2756 324 2819 aulem
347 2754 517 2838 plurimae,
539 2754 633 2840 Nyso
657 2759 707 2821 esi
725 2755 907 2821 clarissima
930 2758 963 2820 el
981 2755 1135 2840 maxima,
1164 2827 1169 2835 ,

116 2844 277 2909 montium
299 2840 406 2907 Meros
428 2841 500 2908 Iovi
528 2865 625 2909 sacar.
671 2845 793 2909 famam
819 2843 895 2908 hinc
922 2844 1135 2929 praecipuam

115 2931 253 3016 habeni3
290 2930 325 2994 in
356 2930 415 2995 illa
446 2931 608 3016 genitum,
644 2933 680 2998 in
710 2932 808 2998 huius
844 2953 942 3017 specu
973 2929 1131 2999 Liberum
1146 2949 1172 2990 ⁸⁰

187 3129 211 3181 2.
228 3122 363 3191 adpareat
377 3123 418 3177 Α1
432 3125 567 3193 apparead
580 3123 623 3178 A¹
676 3130 701 3178 3.
715 3122 847 3180 iaceniA
860 3123 973 3178 iaceant
987 3122 1137 3180 Vcds'ouus

187 3200 211 3249 5.
230 3191 324 3251 minus
337 3193 365 3250 A
383 3192 539 3250 minorasse
609 3194 745 3248 maximas
759 3195 802 3249 Αι
820 3211 888 3250 corr.
908 3196 974 3264 (fuit
991 3193 1135 3265 maximis)

114 3263 245 3323 maximis
257 3281 280 3321 u
333 3280 485 3335 gryporum
502 3265 543 3320 Αι
558 3265 730 3335 gryphorum
743 3266 786 3320 A¹
839 3272 865 3322 6.
881 3272 905 3320 7.
923 3263 1137 3334 aucupantium

113 3336 156 3390 Αι
170 3333 371 3406 allingentium
388 3336 431 3390 A*
484 3341 509 3390 8.
524 3338 556 3390 ut
568 3336 611 3392 Αι
629 3353 698 3393 corr.
753 3337 838 3405 atque
852 3336 893 3391 Αἱ
907 3353 975 3392 socr.
1032 3342 1074 3393 10.
1091 3343 1135 3394 11.

114 3406 304 3461 harundinum
321 3406 363 3458 A¹
381 3405 549 3461 arundinum
562 3406 604 3463 A²
676 3413 717 3462 11.
737 3406 827 3462 veluti
844 3407 873 3462 A
890 3409 1007 3476 (litteras
1024 3405 1050 3460 ci
1068 3408 1136 3464 adu

114 3477 166 3547 Α’)
238 3475 336 3531 navita
349 3477 376 3531 A
395 3477 480 3532 navic
496 3476 609 3534 Vossius
680 3484 723 3534 25.
743 3477 770 3533 ei
788 3477 890 3548 quibus
905 3480 931 3532 A
951 3479 980 3534 et
998 3476 1100 3546 quibus
1114 3495 1137 3535 c
