2424 3908
263 219 445 276 ofloaoca.
465 221 478 274 1
498 227 522 274 a
543 227 567 276 a
587 227 605 275 4
622 223 752 291 (12-20)
995 221 1016 286 5

28 384 129 449 ›mine
150 382 288 448 Pontici
334 382 375 447 ad
398 382 505 449 lacum
527 381 690 468 Maeotici,
713 383 755 447 ad
779 381 916 448 Tanaim
939 381 1018 449 Sau-

28 475 153 538 matao

85 559 221 644 Europa
256 560 414 625 terminos
450 560 551 625 habet
587 562 628 626 ab
664 562 790 627 oriente
822 560 950 626 Tanain
983 539 1069 665 et3

28 649 164 716 aeotida
187 654 220 713 et
243 647 328 714 Pont
314 652 399 733 tum,
426 648 599 716 amendia
621 650 748 735 reliqua
770 648 886 715 Nostri
908 617 1051 735 maris,1

28 762 40 804 s
66 738 231 804 occidente
254 736 473 821 Atlanticum,
501 759 520 802 a
548 739 768 823 septentrione
791 737 1017 804 Britannicum

28 848 163 892 reanum.
209 847 267 890 ora
289 826 359 891 eius
381 824 488 891 forma
510 826 644 892 litorum
668 849 687 892 a
705 826 808 892 Tana1
831 826 872 892 ad
891 825 1017 892 Helles-

28 919 143 999 intum,
166 937 230 1000 qua
252 915 324 998 ripa
346 917 398 980 est
421 915 498 979 dicti
523 916 638 999 amnis,
661 915 865 1000 quadorum
887 914 1017 999 paludis

28 1004 38 1068 Ι
65 1003 239 1069 Ponticum
269 1002 402 1088 redigit,
428 1025 492 1089 qua
518 1003 711 1088 Propontidi
740 1008 773 1069 at
799 1002 1016 1088 Hellesponto

28 1096 101 1158 tere
124 1091 259 1174 adiacet,
283 1092 453 1157 contrariis
476 1091 630 1157 litoribus
655 1091 754 1158 Asiae
775 1114 841 1157 non
864 1093 1017 1177 opposita

28 1181 96 1246 ,odo
113 1203 225 1246 rorum
244 1183 277 1246 et
295 1180 413 1246 similis
433 1185 491 1246 est.
528 1181 601 1246 inde
621 1180 662 1245 ad
679 1180 800 1246 fretum
818 1203 905 1246 nunc
923 1185 1016 1247 vaste
1037 1197 1070 1246 lo

28 1272 140 1334 atracta
171 1291 256 1334 nuno
283 1269 469 1354 prominens
501 1273 568 1335 tres
598 1270 757 1335 maximos
788 1270 878 1335 sinus
908 1269 1017 1354 efficit,

28 1357 198 1443 tidemque
217 1379 252 1422 se
270 1359 304 1422 in
323 1359 427 1422 altum
446 1359 576 1444 magnis
593 1358 757 1424 frontibus
777 1358 893 1424 evehit.
926 1361 1017 1423 extra

28 1450 118 1512 etum
141 1447 181 1511 ad
209 1446 421 1512 occidentem.
436 1447 620 1532 inaequalis
644 1447 816 1513 admodum
843 1447 1016 1531 praecipue

28 1536 106 1601 adia
140 1535 317 1619 procurrit,
352 1535 393 1601 ad
426 1537 694 1620 septentrionem,
729 1537 795 1601 nisi
825 1536 882 1601 ubi
915 1535 1016 1600 semel

28 1646 181 1709 anumque
205 1625 320 1708 grandi
343 1645 472 1690 recessu
496 1625 680 1705 abducitur,
708 1647 810 1710 paene
833 1628 871 1708 ut
893 1624 1016 1689 directo

28 1714 104 1778 mite
138 1717 270 1778 extenta
301 1716 359 1780 est.
409 1736 499 1778 mare
532 1714 619 1799 quod
650 1714 757 1798 primo
791 1714 864 1779 sinu
898 1713 1017 1796 accipit
1037 1729 1069 1778 14

29 1822 166 1887 sgaeum
185 1801 318 1887 dicitur,
341 1801 427 1887 quod
446 1802 593 1888 sequenti
616 1802 648 1866 in
673 1800 1017 1885 orelonium,Had1i-

28 1891 120 1955 ioum
148 1891 297 1976 interius,
326 1891 412 1975 quod
439 1891 554 1956 ultimo
581 1912 642 1956 nos
666 1889 807 1955 Tuscum
830 1889 908 1954 Grai
935 1889 1017 1973 Tyr·

28 1980 168 2044 cenicum
186 1979 368 2064 perhibent.
415 1980 564 2065 gentium
582 1981 697 2065 prima
712 1983 763 2045 est
780 1977 924 2064 Scythia,
950 1978 1017 2043 alia
1037 1976 1070 2026 18

28 2089 96 2133 ram
117 2067 204 2133 diota
222 2072 272 2133 est
291 2069 331 2134 ad
350 2067 485 2148 Tanain,
504 2069 612 2134 media
628 2069 731 2134 ferme
749 2068 878 2134 Pontici
895 2068 1019 2151 lateris,

28 2157 75 2222 ino
88 2157 124 2221 in
134 2156 256 2242 Aegaei
269 2162 395 2241 partem
405 2157 571 2242 pertinens
581 2157 729 2242 Thracia,
742 2157 819 2222 huic
827 2156 1019 2222 Macedonia

28 2245 198 2332 liungitur.
248 2251 319 2310 tum
348 2245 486 2312 Graecia
512 2247 689 2331 prominet,
717 2246 947 2332 Aegaeumque
976 2245 1017 2310 ab

28 2335 92 2400 »nio
122 2335 204 2399 mari
231 2335 364 2399 dirimit.
409 2334 592 2401 Hadriatici
620 2336 708 2401 latus
735 2335 845 2419 Illyris
872 2338 1018 2418 occupat.

28 2426 85 2488 iter
112 2423 220 2506 ipsum
243 2422 470 2488 Hadriaticum
498 2427 531 2489 et
558 2423 698 2489 Tuscum
720 2422 820 2488 ltalia
846 2422 1017 2507 procurrit

28 2537 33 2575 ι
56 2511 163 2577 Tusco
187 2512 304 2577 intimo
328 2509 439 2577 Gallia
466 2516 528 2598 est,
556 2514 643 2578 ultra
664 2511 834 2596 Hispania.
878 2512 958 2576 haec
982 2508 1070 2574 in1⁹

28 2600 202 2666 ccidentem
233 2601 351 2685 diuque
383 2602 482 2667 etiam
519 2601 560 2665 ad
592 2600 849 2684 septentrionem
880 2598 1017 2664 diversis

28 2689 164 2754 ontibus
187 2690 302 2776 vergit
348 2689 463 2754 deinde
486 2711 597 2754 rursus
618 2688 726 2755 Gallia
749 2692 801 2755 est
822 2690 920 2774 longe
943 2691 976 2752 et
999 2711 1019 2752 a

28 2776 115 2842 ostri
147 2779 246 2844 maris
278 2778 430 2844 litoribus
457 2779 522 2843 huc
549 2800 650 2862 usque
682 2779 852 2864 permissa
903 2778 944 2843 ab
979 2800 1018 2842 ea

29 2867 156 2932 ermani
180 2866 219 2932 ad
244 2865 373 2933 Sarmat
359 2870 411 2931 tas
434 2866 661 2952 porriguntur,
684 2868 734 2932 illi
757 2868 797 2932 ad
820 2867 942 2932 Asiam

90 2954 203 3021 Africa
230 2956 272 3020 ab
301 2956 434 3021 orientis
462 2960 556 3040 parte
579 2955 696 3022 Nilot
681 2957 872 3038 terminata,
898 2934 1071 3059 pelago4⁰

72 3138 97 3185 1.
117 3128 233 3185 meotici
252 3131 280 3183 A
299 3131 403 3186 litteras
420 3147 465 3184 me
485 3131 548 3186 odd
569 3130 610 3184 Α8
627 3131 660 3186 ia
676 3132 767 3232 apotilo
789 3145 876 3185 occaso
947 3136 972 3184 3
992 3139 1017 3186 4.

28 3216 180 3273 europa-
199 3199 409 3273 maeo>tidaA
467 3207 492 3257 5
512 3200 696 3256 brittanicum
713 3201 755 3255 A¹
772 3199 964 3255 britannicum
977 3200 1019 3255 A¹

28 3271 190 3414 ageirmmidai
208 3273 281 3398 Alii.
290 3271 513 3413 lddddiddsddi
523 3343 552 3396 A
566 3271 692 3398 llusddurd
700 3273 737 3399 ,A
756 3288 828 3397 quael.
830 3273 968 3395 oethbrzdcrae
974 3277 1018 3396 1ado

29 3430 184 3487 acedoniae
198 3434 226 3486 A
245 3431 373 3499 Thuacia,
387 3431 454 3486 huic
467 3430 633 3487 Macedonia
647 3432 798 3486 Plautianus
852 3436 894 3484 25.
909 3411 1018 3483 intumo

28 3504 130 3559 ¹.corr
204 3509 246 3560 28
266 3502 371 3558 nostris
389 3503 418 3556 A
434 3501 534 3557 Nostri
551 3503 637 3557 maris
658 3501 770 3558 Curtios
792 3501 970 3557 Wootsmutt
