2424 3908
397 173 578 232 oflonoan.
596 177 623 233 11
641 183 657 233 u
675 179 805 248 (rr-ae)
1063 179 1107 246 33

88 357 190 421 super
207 336 301 422 ignes
321 358 402 422 quos
417 337 648 404 circumsident
662 339 821 424 quaedam
835 340 960 407 semina
978 341 1107 426 ingesta

88 429 184 510 sunt,
215 425 334 492 similis
364 426 518 493 ebrietati
544 426 698 495 hilaritas
728 450 767 494 ex
794 429 907 495 nidore
935 430 1106 516 contingit

87 515 125 579 in
157 513 312 582 litoribus
339 513 455 581 Histro
488 520 539 581 est
569 517 718 600 proxima
744 514 961 603 Histropolis,
988 517 1104 584 deinde
1124 534 1158 583 ss

87 602 230 668 Milesiis
253 602 392 669 deducta
410 601 558 688 Callatis,
579 608 652 670 tum
670 604 794 672 Tomoe
817 609 851 671 et
872 611 987 691 portus
1006 604 1105 673 Caria

59 696 124 757 cet
157 690 290 757 Tiristis
321 692 599 775 promunturium,
632 694 718 779 quod
750 699 990 777 praetervectos
1022 695 1107 761 alter

87 779 190 845 Ponti
213 780 353 864 ungulus
376 779 510 865 ancipit,
537 781 691 847 adversus
714 781 872 850 Phasiaco
901 787 934 848 et
954 784 1018 849 nisi
1040 806 1107 849 am-

87 869 177 952 plior
195 867 282 937 foret
300 867 427 934 similis.
471 868 535 934 fuit
552 869 607 935 hic
625 869 758 955 Bizone,
775 874 866 936 motu
883 875 990 937 terrae
1007 872 1106 938 inter·

88 957 179 1023 cidit.
221 959 272 1021 cst
289 960 403 1042 portus
422 955 560 1038 Crunos,
577 958 675 1024 urbes
693 956 939 1043 Dionysopolis,
958 959 1107 1044 Odessos,

88 1044 317 1129 Messembria,
338 1045 531 1129 Anchialos,
559 1048 593 1110 et
615 1046 732 1112 intimo
754 1046 790 1112 in
813 1047 900 1132 sinu,
927 1049 1024 1132 atque
1049 1048 1107 1114 ubi

47 1155 74 1196 re
88 1133 216 1199 Pontus
240 1133 379 1199 alterum
401 1134 453 1199 sui
475 1133 594 1200 flexum
617 1135 738 1219 angulo
761 1135 844 1219 finit,
866 1155 987 1220 magna
1005 1137 1106 1221 Apol·

87 1222 187 1287 lonis.
210 1306 212 1311 Ι
235 1225 326 1288 recta
352 1221 469 1288 dehinc
497 1243 568 1305 ora,
597 1222 662 1288 nisi
688 1223 777 1308 quod
804 1223 912 1290 media
939 1225 1042 1289 ferme
1069 1225 1104 1290 in
1124 1241 1158 1290 2³

87 1311 351 1395 promunturium
387 1311 473 1396 quod
515 1309 667 1396 Thynian
702 1315 821 1377 vocant
858 1313 946 1396 exit,
988 1317 1021 1379 et
1057 1315 1105 1378 in-

88 1399 196 1464 cursis
225 1403 340 1466 contra
367 1420 402 1465 se
429 1398 580 1465 litoribus
613 1400 813 1484 obtenditur,
845 1402 1007 1486 urbesque
1036 1424 1105 1467 sus-

87 1488 173 1553 tinet
190 1486 416 1572 Halmydeson
438 1491 473 1555 st
490 1487 615 1554 Philias
635 1492 673 1554 et
690 1487 907 1573 Phinopolim.
947 1489 1105 1555 hactenus

47 1595 74 1637 rs
87 1575 223 1641 Pontus.
266 1575 382 1643 deinde
410 1579 461 1642 ost
483 1575 673 1660 Bosphorus
701 1579 736 1641 et
757 1575 947 1662 Propontis,
969 1579 1004 1642 in
1025 1576 1106 1644 Bos·
1124 1593 1159 1642 24

87 1664 194 1749 phoro
216 1663 410 1750 Byzantion,
432 1665 468 1729 in
489 1664 687 1749 Propontide
706 1662 899 1751 Selymbria,
920 1665 1105 1751 Perinthos,

87 1752 235 1838 Bytinis3
259 1774 436 1838 amnesque
459 1753 516 1836 qui
538 1753 730 1820 interfluunt
751 1752 896 1838 Erginos
919 1758 953 1820 et
971 1754 1104 1840 Atyras.

87 1845 161 1906 tum
182 1841 308 1909 Rhesso
336 1846 474 1928 regnata
502 1841 664 1925 quondum
692 1863 767 1924 pers
794 1841 966 1925 Thraciae,
994 1847 1027 1907 et
1049 1841 1104 1906 Bi-

88 1929 207 1994 sauthe
230 1929 423 2015 Samiorum,
446 1934 479 1995 et
501 1930 617 2014 ingens
641 1929 814 2012 aliquando
835 1929 983 2014 Cypsela.
1028 1935 1104 2014 post

45 2038 73 2079 ro
88 2019 180 2084 loeus
202 2040 299 2103 quem
318 2017 398 2085 Grai
420 2018 554 2085 Macron
576 2018 684 2084 tichos
708 2017 884 2102 adpellant,
907 2022 941 2084 et
963 2019 997 2083 in
1020 2017 1104 2084 radi-

86 2128 158 2173 cem
181 2129 319 2194 magnae
341 2128 444 2192 paene
467 2107 594 2172 insulae
618 2107 731 2172 sedens
754 2106 972 2191 Lysimachia.
1016 2111 1105 2174 terra
1124 2123 1158 2173 25

87 2217 172 2280 quae
213 2196 361 2281 sequitur
400 2217 563 2281 nusquam
604 2196 673 2264 lata
712 2197 809 2279 atque
849 2194 904 2261 hic
940 2196 1106 2261 artissima

86 2285 174 2350 inter
196 2283 445 2369 Hellespontum
468 2286 700 2369 Aegaeumque
722 2284 890 2368 procurrit.
936 2285 1105 2370 angustias

86 2371 253 2458 Isthmon,
288 2373 430 2439 frontem
467 2375 536 2440 eius
572 2372 782 2456 Mastusiam,
823 2376 929 2438 totam
966 2371 1106 2439 Cherso-

45 2480 72 2520 ss
86 2482 220 2527 nessum
243 2461 411 2546 adpellant
437 2463 479 2530 ob
503 2462 610 2528 multa
636 2461 890 2527 memorabilem.
935 2464 985 2525 est
1009 2462 1044 2525 in
1066 2481 1105 2526 ea
1125 2477 1157 2527 26

86 2550 209 2615 flumen
234 2549 358 2636 Aegos,
384 2550 556 2636 naufragio
585 2550 697 2616 classis
724 2548 856 2614 Atticae
881 2549 1024 2634 insign03
1055 2552 1106 2614 cst

86 2642 121 2703 et
143 2637 264 2722 Abydo
291 2639 444 2705 obiacens
467 2638 593 2714 Sestos,
621 2637 762 2703 Leandri
786 2658 895 2703 amore
921 2638 1104 2721 pernobile3

87 2765 303 2773 -—--—-—

162 2821 185 2868 1.
201 2811 402 2868 circumsident
415 2813 456 2867 Αι
471 2829 539 2869 corr.
595 2819 620 2866 4.
635 2810 761 2866 mellesis
776 2811 804 2865 A
817 2809 937 2865 Milesiis
952 2813 1052 2893 scriprsi

85 2888 119 2939 tu
138 2885 166 2939 A
184 2887 279 2940 tumo
338 2889 363 2939 5.
382 2883 480 2953 pristis
498 2884 526 2939 A
544 2882 655 2938 Tiristis
678 2883 790 2939 Vossius
853 2888 878 2937 8.
898 2881 1103 2951 dionysropolis

86 2955 115 3010 A
128 2954 361 3025 Dionysopoliso
415 2955 551 3010 obdessos
565 2955 593 3009 A
648 2951 1104 3023 10.11,apollophen1aAApol-

85 3026 166 3081 lonia
184 3027 331 3082 Barbarus
404 3032 445 3081 12.
468 3025 617 3094 thymnian
634 3025 662 3078 A
675 3024 806 3093 Thynian
823 3025 879 3079 scri
898 3025 923 3079 si
996 3030 1037 3078 13.
1057 3023 1101 3077 ob·

85 3097 215 3152 tenditur
237 3097 278 3151 A¹
301 3096 465 3166 optenditur
482 3095 522 3151 A²
596 3104 636 3150 14.
661 3094 846 3164 helmydesou
958 3093 1058 3164 phylas
1077 3093 1105 3148 A

86 3167 196 3224 Philias
216 3169 343 3224 Bructeri
416 3174 456 3224 18.
479 3175 521 3223 19.
540 3167 661 3222 bisaltas
685 3167 713 3221 A
730 3165 866 3220 Bisanthe
889 3165 1035 3221 Barbaros

87 3245 130 3294 19.
150 3240 270 3309 gypsela
287 3240 315 3293 A
335 3238 456 3308 Cypsela
474 3239 625 3294 Pintiomus
678 3245 721 3293 20.
741 3235 932 3291 maurontihos
951 3236 979 3289 A
999 3235 1104 3316 (ntihos

86 3310 129 3365 A⁸
146 3313 179 3365 io
197 3312 288 3380 spatio
301 3313 397 3379 nuceo)
411 3309 527 3363 Macron
540 3309 633 3363 tichos
647 3309 794 3364 Barbarus
866 3312 908 3362 20.
924 3313 965 3361 21.
980 3305 1106 3360 radicem

86 3383 127 3437 sic
141 3381 169 3435 A
223 3387 266 3435 21.
281 3379 447 3451 peninsulae
462 3380 490 3433 A
539 3387 581 3436 23.
598 3395 771 3449 aegeumque
785 3379 813 3431 A
867 3383 909 3432 25.
924 3375 1105 3430 memorabile

87 3452 115 3504 A
133 3451 364 3507 memorabilem
378 3451 530 3508 Pinticmsa
602 3457 645 3506 22.
655 3457 720 3518 post
737 3449 868 3505 obiacens
888 3449 952 3503 odd.
973 3449 1002 3502 et
1020 3446 1060 3500 A³

141 3551 281 3600 Pomponius
295 3543 363 3592 Mela.
928 3541 944 3589 3
