2424 3908
132 211 173 275 10
469 209 650 265 POMPONII
666 207 791 263 MELAE

131 371 329 457 Carthagine
349 372 391 438 ad
413 372 628 438 dirimendum
651 370 839 436 condicione
857 371 979 436 bellum
1002 370 1056 435 diu
1078 371 1146 435 iam

131 462 169 527 de
191 461 310 527 finibus
338 465 372 527 et
395 483 468 526 cum
490 461 617 546 magnis
641 460 812 525 amborum
835 460 981 525 cladibus
1006 463 1146 544 gestum,

129 554 305 634 postquam
331 551 365 615 in
394 571 432 615 eo
456 548 541 635 quod
564 550 760 614 convenerat
786 569 854 613 non
875 549 1082 632 manebatur,
1109 552 1147 613 ut

130 639 188 703 ubi
214 639 317 722 legati
344 640 584 720 concurrerent,
615 640 703 702 certo
730 641 878 721 tempore
905 637 1069 720 utrimque
1100 636 1146 701 di·

131 726 237 810 missi,
268 726 317 790 ibi
343 726 476 791 termini
504 728 736 809 statuerentur,
767 725 856 810 pacti
884 724 923 790 de
949 725 1079 810 integro
1111 729 1171 791 uts

132 813 287 898 quidquid
315 815 397 879 citra
425 818 510 879 esset
541 813 753 899 popularibus
787 813 928 897 cederet,
960 812 1079 878 mirum
1113 816 1147 878 et

130 903 289 968 memoria
312 903 540 987 dignissimum
559 903 692 986 facinus,
714 902 769 968 hic
787 923 822 968 se
845 902 937 968 vivos
958 901 1053 968 obrui
1075 922 1146 985 per·

147 992 285 1056 ulerunt.

235 1079 298 1144 nde
310 1079 360 1144 ‘ad
381 1077 623 1146 Catabathmon
645 1077 824 1164 Cyrenaica
841 1078 1012 1162 provincia
1030 1082 1088 1162 cst,
1111 1078 1147 1142 in

67 1231 72 1261 ,
131 1189 232 1251 eaque
256 1171 332 1232 sunt
348 1166 542 1233 Hammonis
560 1168 727 1233 oraculum
746 1167 822 1232 fidei
844 1166 996 1250 inclutae,
1018 1170 1053 1232 et
1071 1166 1147 1232 fons
1161 1188 1184 1232 ιο

70 1264 72 1270 “
131 1277 227 1340 quem
246 1252 332 1320 Solis
355 1255 531 1339 adpellant,
554 1259 587 1320 et
609 1277 705 1340 rupes
729 1255 885 1339 quaedam
908 1259 1019 1320 austro
1044 1276 1146 1321 sacra

129 1345 211 1409 haec
243 1365 316 1408 cum
342 1343 512 1408 hominum
541 1365 640 1408 manu
673 1342 845 1428 attingitur
876 1343 932 1408 ille
964 1343 1146 1409 inmodicus

132 1433 261 1516 exurgit
287 1432 490 1516 harenaeque
518 1433 612 1517 quasi
638 1432 744 1497 maria
771 1452 870 1518 agens
899 1431 946 1496 sic
974 1432 1080 1497 saevit
1108 1437 1147 1497 ut

131 1521 293 1587 fluctibus.
338 1521 413 1586 fons
440 1521 547 1586 media
568 1525 663 1587 nocte
684 1520 801 1603 fervet,
828 1541 905 1585 mox
931 1523 964 1586 et
986 1520 1146 1605 paulatim

130 1614 301 1693 tepescens
332 1609 372 1674 fit
401 1610 471 1674 luce
501 1609 658 1694 frigidus,
694 1612 773 1673 tunc
803 1611 841 1673 ut
877 1608 926 1674 sol
959 1609 1067 1694 surgit
1098 1609 1147 1673 ita
1161 1628 1184 1672 a

131 1697 268 1763 subinde
295 1697 447 1784 frigidior
472 1719 531 1782 per
558 1698 726 1763 meridiem
753 1697 893 1762 maxime
920 1697 1018 1781 riget,
1047 1697 1148 1762 sumit

131 1786 205 1850 dein
232 1789 379 1870 teporem
406 1787 539 1870 iterum,
567 1789 600 1851 et
626 1787 733 1870 prima
759 1789 854 1851 nocte
883 1785 1021 1868 calidus,
1049 1789 1147 1870 atque

130 1878 169 1940 ut
200 1875 260 1939 illa
291 1875 438 1960 procedit
467 1876 517 1940 ita
549 1875 684 1941 calidior
715 1895 828 1939 rursus
856 1895 929 1938 cum
962 1878 1012 1939 est
1039 1874 1148 1939 media

78 1977 113 2026 ⁴⁰
130 1964 510 2135 lutulentus
517 1962 1185 2135 pttttltffttthtdllttph

130 2139 230 2217 lonia,
252 2138 438 2217 Ptolemais,
460 2140 600 2205 Arsinoe
619 2143 715 2225 atque
737 2140 822 2205 unde
841 2139 938 2204 terris
955 2161 1073 2204 nomen
1097 2144 1148 2205 est

131 2228 204 2312 ipsa
222 2223 357 2310 Cyrene.
391 2224 628 2293 Catabathmos
646 2228 742 2292 vallis
762 2227 885 2292 devexa
902 2229 937 2292 in
956 2227 1146 2313 Aegyptum

78 2330 112 2379 41
131 2315 205 2380 finit
222 2314 379 2379 Africam.
411 2337 487 2380 orae
506 2316 553 2381 sic
570 2317 760 2382 habitantur
779 2316 820 2380 ad
837 2320 987 2381 nostrum
1005 2317 1146 2382 maxime

131 2404 231 2468 ritum
258 2404 394 2469 moratis
422 2404 615 2488 cultoribus,
645 2404 709 2469 nisi
741 2404 827 2489 quod
859 2405 990 2490 quidam
1022 2405 1145 2491 linguis

133 2492 286 2558 differunt
309 2495 342 2557 et
360 2493 450 2558 cultu
474 2493 569 2558 deum
587 2514 667 2578 quos
686 2493 812 2576 patrios
832 2496 963 2558 servant
981 2515 1018 2558 ac
1037 2496 1145 2577 patrio
1160 2513 1185 2554 a

131 2602 222 2646 more
239 2585 447 2647 venerantur.
479 2583 635 2664 proximis
655 2580 765 2644 nullae
781 2580 912 2665 quidem
930 2582 1026 2647 urbes
1046 2587 1145 2667 stant,

131 2672 242 2734 tamen
259 2670 424 2736 domicilia
443 2672 519 2735 sunt
537 2693 618 2755 quae
633 2669 774 2752 mapalia
793 2670 1007 2753 appellantur.
1039 2672 1145 2736 victus

132 2778 227 2841 asper
254 2760 287 2822 et
314 2756 483 2822 munditiis
511 2780 632 2823 carens.
681 2757 841 2840 primores
870 2758 958 2844 sagis
985 2758 1143 2838 velantur,

131 2846 248 2930 vulgus
275 2846 455 2911 bestiarum
482 2847 705 2932 pecudumque
732 2846 882 2930 pellibus.
932 2846 1023 2911 humi
1053 2849 1145 2932 quies

132 2934 308 3019 epulaeque
341 2935 521 3018 capiuntur.
574 2957 654 3000 vasa
685 2935 776 3020 ligno
813 2935 896 3000 fiunt
927 2938 984 2999 aut
1017 2937 1146 3001 cortice.
1160 2955 1186 2996 ec

62 1115 110 1205 lae

201 3131 227 3181 4.
251 3127 449 3181 concurrerant
471 3126 498 3180 A
518 3127 713 3182 concurrerent
734 3143 755 3181 a
827 3131 852 3180 9.
877 3125 1096 3180 cathabathmon
1118 3129 1145 3182 A

185 3195 333 3264 cyreneica
346 3196 373 3250 A
430 3204 471 3252 10.
491 3196 614 3265 inclytae
628 3199 656 3253 A
712 3203 754 3253 11.
774 3195 921 3266 adpellant
939 3196 980 3250 A¹
999 3198 1147 3268 appellant

130 3267 173 3321 A*
245 3273 286 3322 12.
309 3265 466 3323 inmodicus
484 3269 526 3323 A¹
550 3267 716 3322 immodicus
739 3267 780 3321 A²
851 3272 894 3323 18.
918 3265 1026 3322 caldior
1047 3269 1076 3323 A

133 3344 175 3393 19.
193 3338 387 3407 promuntoria
404 3341 445 3395 A¹
464 3356 532 3396 corr.
587 3346 630 3395 20.
649 3336 810 3409 paretonius
828 3339 856 3392 A
916 3344 959 3392 21.
978 3338 1147 3408 ptolemaeis

131 3409 172 3463 A¹
189 3409 340 3479 ptolemais
359 3411 401 3466 Α2
455 3417 498 3465 22.
518 3410 692 3465 catabatmos
711 3410 752 3464 A¹
775 3409 970 3465 catabathmos
989 3410 1031 3464 A'
1103 3416 1146 3464 2⁵1.

131 3479 274 3549 mappalia
287 3481 328 3535 A¹
342 3481 465 3552 mapalia
478 3481 520 3536 A*
