2424 3908
379 183 562 242 cnosson.
580 186 664 244 me
684 189 847 259 seo-eo)
1077 188 1120 253 ‘lt

92 347 176 432 quia
190 348 237 412 rit
238 369 276 412 ae
288 347 445 449 spatium·
447 347 579 415 dimidio
593 347 661 415 fere
675 370 774 434 quam
786 370 847 415 nos
866 349 998 436 longius
1013 355 1117 436 agunt

92 435 267 520 Macrobii,
289 457 367 520 pars
390 437 468 520 quia
490 458 530 503 ex
552 437 708 523 Aegypto
732 437 888 505 advenere
911 439 991 505 dieti
1013 441 1117 506 Auto-

93 525 215 591 moles:
238 524 368 609 pulchri
391 524 507 609 forma,
531 529 628 610 atque
651 527 796 610 eorporis
819 527 1001 614 viriumque
1024 550 1119 594 vene-

94 615 234 697 ratores,
256 613 359 680 veluti
382 614 581 697 optimarum
604 614 662 679 alii
684 615 851 681 virtutum
895 616 933 681 in
955 615 1022 681 illis
1045 639 1117 683 mos
1136 633 1172 683 86

64 705 149 767 sest
176 701 229 767 eui
255 701 464 786 potissimum
490 707 628 786 pareant
655 704 761 786 speeie
785 725 823 769 ao
848 704 973 770 viribus
1000 706 1118 807 legere

95 789 185 874 apud
206 790 268 857 bos
291 790 365 874 plus
388 790 461 856 auri
483 813 582 875 quam
606 792 690 857 aeris
715 795 779 857 est:
750 792 875 858 tideo
898 793 986 876 quod
1009 793 1118 859 minue

97 883 150 945 est
176 879 352 962 pretiosius
382 884 522 946 censent.
568 901 642 946 aere
665 884 877 964 exornantur,
905 903 985 946 anso
1010 882 1119 949 vinela

95 968 241 1034 sontium
264 966 437 1033 fabricant.
414 971 534 1033 test
555 969 646 1034 loeus
671 967 837 1052 adparatis
859 967 966 1052 epulis
989 991 1118 1054 semper
1136 987 1170 1035 ιι

95 1055 250 1137 refertus,
276 1058 310 1120 et
333 1056 410 1139 quia
432 1059 470 1122 ut
493 1057 574 1121 libet
596 1056 684 1122 vesei
711 1056 896 1122 volentibus
920 1057 997 1122 lieet
1018 1057 1118 1123 Heliu

53 1164 82 1204 ro
95 1148 253 1228 trapeuan
276 1142 457 1228 adpellant,
480 1148 514 1210 et
536 1166 619 1228 quas
641 1145 765 1229 passim
789 1145 941 1229 adposita
964 1150 1040 1211 sunt
1064 1145 1118 1210 ad·

95 1233 230 1299 firmant
251 1231 378 1298 iunesei
401 1233 539 1299 subinde
562 1232 728 1300 divinitus.
772 1237 823 1298 est
845 1235 934 1300 lacus
957 1256 1022 1318 quo
1045 1255 1115 1319 per·
1134 1251 1169 1300 ιι

93 1321 176 1391 fusa
188 1342 326 1405 eorpora
344 1321 437 1405 quasi
455 1324 553 1387 uncta
570 1323 747 1406 poenitent:
770 1321 897 1388 bibitur
914 1322 1015 1408 idem3
1035 1322 1116 1389 adeo

94 1414 146 1476 est
174 1409 315 1494 liquidus
342 1413 376 1474 et
403 1410 445 1476 ed
472 1408 662 1476 sustinenda
694 1431 777 1494 quae
803 1410 950 1476 incidunt
981 1415 1038 1477 aut
1070 1411 1118 1475 in-

95 1497 271 1563 mittuntur
301 1498 467 1582 infirmus,
502 1502 540 1564 ut
569 1498 652 1564 folia
683 1503 784 1564 etiam
816 1499 974 1583 proximis
1008 1498 1118 1565 deeisa

55 1605 81 1648 ιι
95 1585 267 1654 frondibus
289 1609 357 1652 non
379 1587 564 1654 innatantia
585 1587 671 1653 ferat
695 1586 751 1653 sed
771 1609 905 1672 pessum
928 1591 961 1654 et
983 1587 1116 1672 penitus

65 1717 70 1737 .
96 1675 245 1760 arripiat
290 1679 423 1742 suntet
446 1676 655 1742 saevissimae
677 1675 766 1741 ferae
790 1678 880 1742 omni
903 1677 1010 1743 colore
1033 1677 1117 1743 varii

95 1764 250 1849 lyoaoner
279 1767 312 1829 et
340 1764 453 1848 quales
483 1765 666 1849 accepimus
696 1764 861 1850 sphinges.
911 1768 987 1829 sunt
1015 1765 1117 1830 mirae

96 1874 174 1917 aves
200 1855 355 1919 cornutae
382 1857 580 1938 tragopanes
608 1857 641 1918 et
669 1852 795 1936 equinis
828 1853 960 1918 auribus
992 1853 1117 1937 pegasi

95 1943 242 2007 ceterum
263 1962 337 2007 oras
362 1941 402 2007 ad
425 1963 539 2007 eurum
562 1941 771 2024 sequentibus
794 1940 878 2006 nibil
906 1940 1116 2007 memorabile
1135 1956 1170 2006 ιι

55 2049 81 2090 ιι
96 2030 247 2095 occurrit
292 2033 386 2095 vasta
409 2029 518 2095 omnia
540 2030 643 2095 rastis
666 2027 814 2113 praecisa
837 2029 1003 2094 montibus
1026 2029 1117 2113 ripae

95 2118 207 2202 potius
226 2121 303 2188 sunt
316 2140 415 2202 quam
432 2118 540 2183 litore
576 2118 674 2182 inde
661 2137 801 2207 mgens
793 2118 879 2183 et
852 2140 922 2183 erne
937 2117 1117 2192 cultoribus

96 2211 222 2272 ιναιιιιι.
267 2207 401 2273 dubium
424 2202 621 2291 aliquandiu
632 2201 697 2271 fuit
715 2210 842 2272 essetne
864 2207 954 2272 ultra
972 2207 1117 2292 pelagus,

96 2299 270 2380 eaperetne
284 2298 371 2361 terra
386 2295 565 2375 circuitum,
580 2317 621 2360 an
636 2294 796 2360 exhausto
805 2295 884 2360 fluet
869 2298 906 2359 tu
921 2295 990 2360 sine
1003 2295 1067 2361 fine
1083 2315 1117 2359 se

95 2383 211 2448 Afriea
243 2383 444 2466 extenderet,
475 2406 587 2450 rerum
620 2387 654 2450 et
684 2383 803 2449 Hanno
836 2380 1117 2469 Carthaginiensis
1136 2399 1172 2449 eo

55 2489 81 2532 ιι
97 2473 307 2556 exploratum
338 2473 458 2538 missus
491 2495 511 2538 a
543 2471 622 2554 suis,
654 2492 728 2538 eum
759 2493 818 2556 per
850 2471 963 2537 oeeani
995 2472 1117 2537 ostium

96 2560 219 2626 exisset
236 2581 389 2646 magnam
403 2564 532 2644 partem
550 2560 619 2626 eius
634 2560 877 2638 circumvectus,
894 2580 961 2624 non
980 2580 1015 2623 se
1034 2559 1118 2625 mari

169 2758 195 2833 3.
214 2753 245 2807 ιι
263 2751 312 2823 qui
329 2753 357 2807 A
376 2754 462 2822 atque
480 2751 572 2823 Heyee
591 2751 637 2822 (es.
659 2751 825 2832 Pariusue
840 2751 910 2818 212)
964 2765 1120 2820 parumque

96 2824 125 2877 A
153 2821 312 2892 viriumque
337 2823 466 2904 Bursian
542 2830 567 2878 3
590 2829 616 2877 4.
640 2821 768 2877 venerati
795 2837 856 2875 ores
889 2822 917 2884 A
940 2822 1120 2875 veneratores

94 2912 117 2949 x
195 2899 220 2975 6.
245 2900 269 2948 7.
293 2911 377 2962 quam
396 2892 457 2975 pais
485 2892 568 2963 (aeris
591 2894 683 2963 scrib)
707 2895 751 2947 est
772 2891 838 2946 ideo
862 2880 1053 2960 quodminus
1076 2893 1121 2946 est

95 2963 254 3036 preciosius
274 2963 437 3036 (pretiosius
455 2967 537 3020 ιιιιι.
539 2968 548 3034 )
562 2963 603 3019 A¹
622 2965 740 3033 exeeptis
759 2965 857 3018 titteris
875 2961 933 3016 sius
951 2964 984 3017 ιἰι
996 2963 1121 3032 marytres

94 3037 272 3176 swa
285 3036 519 3162 seusu
527 3036 737 3176 ⁰¹33*th
796 3041 829 3160 ‘1³0
832 3039 886 3159 ιι
890 3031 1121 3159 11ιιιιὲιιιι

95 3122 297 3233 ιιιιιιιιιιιιιΑἱ
368 3177 449 3250 11.<
431 3177 542 3303 Most?
529 3181 605 3247 (urta
623 3175 713 3246 leons)
728 3177 769 3230 A⁸
841 3181 883 3230 16.
898 3173 975 3256 ferae
989 3175 1032 3229 A¹
1049 3190 1120 3231 corr

171 3254 212 3304 18.
227 3250 465 3331 treqappomenes
521 3249 691 3319 tragopanes
702 3177 823 3302 lirratus
878 3245 989 3314 equinis
1004 3244 1118 3300 auribus

95 3321 128 3375 st
141 3320 169 3374 A
187 3320 272 3388 eteq
272 3317 346 3374 uinis
365 3318 479 3373 auribus
497 3317 644 3374 Bareas
716 3324 759 3372 2²
778 3317 885 3372 nactus
904 3331 954 3372 om.
969 3315 997 3369 A
1016 3315 1081 3371 add.
1100 3331 1121 3369 ιι

151 3396 195 3446 ιιι.
215 3390 351 3446 exhausta
369 3389 462 3444 fractu
480 3390 508 3444 A
527 3390 663 3444 exhausto
681 3387 769 3443 fluotu
792 3388 904 3443 Vossius
959 3391 1002 3440 24.
1022 3402 1122 3441 verum

95 3463 127 3516 et
145 3460 170 3515 si
188 3462 216 3516 A
234 3462 381 3516 serumst
401 3461 554 3531 Pirata'aaue
625 3466 669 3515 33.
689 3457 797 3513 exissut
815 3458 855 3512 A¹
874 3455 979 3512 exisset
1001 3455 1041 3511 A’
