2424 3908
11 3588 157 3648 A

211 182 232 246 2
558 180 736 235 POMPONII
754 179 878 236 MELAE

211 344 352 429 undique
385 343 481 422 mari,
511 343 688 427 eodemque
717 343 750 407 in
784 344 845 408 duo
878 343 982 407 latera
1012 366 1094 428 quae
1126 344 1195 410 hec

212 431 363 516 sphaeria
379 432 551 496 nominant
574 432 614 495 ab
636 431 759 496 oriente
783 431 886 496 divisa
906 430 947 494 ad
966 452 1116 497 occasum
1134 434 1208 498 zoni

211 521 352 605 quinque
380 519 600 605 distinguitur.
648 519 785 584 mediam
811 523 919 585 aestus
942 518 1094 604 infestat,
1121 521 1211 606 frigu

211 609 356 694 ultimas,
375 608 518 691 reliquae
532 608 733 673 habitabiles
746 608 839 691 paria
853 610 956 691 agunt
975 610 1053 673 anni
1068 613 1208 692 tempor

210 719 321 762 verum
341 719 407 762 non
425 697 557 780 pariter.
593 696 823 761 antichthones
843 696 990 780 alteram,
1008 719 1068 762 nos
1088 698 1208 763 alter=

210 785 391 851 incolimus.
427 785 516 850 illius
536 785 617 849 situs
634 785 676 848 ob
695 784 845 849 ardorem
858 784 1089 851 intercedentis
1108 787 1209 872 plaga

176 874 409 958 oincognitus,
441 872 540 938 huius
566 873 718 937 dicendus
747 876 805 937 est.
854 872 935 938 haec
967 893 1046 958 ergo
1079 875 1121 939 ab
1155 880 1208 940 ort

210 964 360 1046 porrecta
379 961 419 1026 ad
439 983 598 1044 occasum,
621 965 655 1026 et
678 961 754 1046 quia
773 961 819 1025 sio
838 962 923 1025 iacet
942 961 1110 1045 aliquanto
1130 985 1210 1049 qua.

211 1051 270 1114 ubi
288 1051 450 1114 latissima
468 1053 518 1115 est
537 1049 675 1134 longior,
699 1049 841 1114 ambitur
860 1050 965 1114 omnis
985 1071 1114 1134 oceano,
1138 1075 1203 1136 qua

212 1143 350 1222 tuorque
380 1160 418 1202 ex
442 1160 479 1203 eo
503 1137 608 1203 maria
630 1137 760 1224 recipit3
786 1159 886 1202 unum
910 1159 930 1203 a
953 1139 1187 1224 septentrione,

212 1226 348 1292 meridie
372 1227 445 1311 duo,
469 1231 621 1311 quartum
644 1226 685 1290 ab
709 1247 833 1291 occasu.
860 1227 944 1291 suis
964 1226 1044 1291 locis
1068 1228 1127 1292 illa
1148 1229 1212 1294 ref

181 1317 337 1380 crentur.
386 1315 449 1379 hoc
481 1315 623 1397 primum
651 1319 825 1399 angustum
857 1336 915 1378 nec
947 1315 1086 1398 amplius
1119 1316 1212 1382 dece

213 1403 347 1467 milibus
362 1425 516 1486 passuum
534 1407 651 1486 patens
670 1406 773 1467 terras
788 1404 894 1487 aperit
907 1408 1004 1487 atque
1018 1404 1127 1470 intrat.
1158 1408 1174 1469 t
1206 1436 1212 1463 l

212 1492 312 1576 longe
341 1493 472 1576 lateque
504 1491 654 1556 diffusum
683 1490 789 1575 abigit
819 1495 910 1555 vaste
942 1492 1090 1558 cedentia
1121 1493 1212 1559 litor

214 1580 394 1664 iisdemque
418 1602 457 1644 ex
480 1579 608 1645 diverso
630 1600 731 1663 prope
751 1580 940 1644 coeuntibus
960 1580 1040 1646 adeo
1063 1581 1099 1646 in
1122 1604 1142 1646 a
1206 1612 1212 1639 ι

215 1668 928 1841 iegdtlhioldicilbilliioildhlrelffiilbrliirsbbbeie
935 1670 1191 1843 etiiiriieqsriainurs
1211 1704 1212 1723 ¹

213 1846 318 1911 artius
338 1846 458 1912 exitin
423 1846 628 1930 mspatium.
673 1867 735 1929 quo
755 1867 828 1911 cum
847 1849 897 1910 est
916 1850 1027 1931 accept
1027 1868 1091 1930 um,
1112 1847 1205 1932 inger

211 1935 332 2000 iterum
360 1938 393 2000 et
420 1954 540 2019 magno
568 1955 632 1997 *a*
660 1936 693 1998 et
719 1933 831 2018 paludi
858 1938 1000 1999 ceterum
1029 1935 1145 2020 exiguo
1174 1959 1211 2002 or

212 2023 444 2106 coniungitur„
479 2023 512 2087 id
542 2043 636 2087 omne
667 2044 731 2107 qua
757 2023 848 2088 venit
875 2044 1001 2108 quaque
1030 2023 1175 2109 dispergi

178 2128 276 2176 runo
304 2111 464 2176 vocabulo
490 2110 649 2176 Nostrum
682 2132 771 2176 mare
803 2111 930 2177 dicitur.
980 2113 1149 2197 angustias
1203 2144 1210 2171 ι

211 2199 412 2285 troitumque
444 2199 603 2265 venientis
640 2221 700 2264 nos
732 2199 865 2279 fretum,
903 2198 1018 2266 Gracci
1053 2202 1207 2285 porthmo

213 2288 391 2372 appellant.
437 2310 502 2372 qua
524 2287 713 2353 diffunditur
740 2288 806 2353 alia
829 2289 903 2354 aliis
925 2288 1005 2353 locis
1034 2291 1208 2374 cognomin

213 2397 308 2461 accep
309 2380 369 2443 tat
413 2376 470 2441 ubi
492 2376 632 2461 primum
657 2399 691 2442 se
720 2380 807 2441 artat
828 2376 1061 2461 Hellespontus
1084 2382 1196 2444 vocat

211 2465 385 2549 Propontis
413 2466 470 2531 ubi
499 2464 666 2568 expandit,
693 2466 750 2531 ubi
776 2466 894 2531 iterum
921 2467 1042 2550 pressit
1069 2466 1211 2535 Thracio

212 2552 416 2639 Bosphorus,
447 2555 558 2620 ubit
532 2558 649 2620 lterum
680 2554 793 2619 effudit
818 2554 942 2621 Pontus
969 2553 1132 2640 Euxinus,
1164 2579 1209 2643 qu

212 2643 323 2726 paludi
345 2644 560 2709 committitur
584 2641 778 2708 Cimmerius
800 2642 1008 2728 Bosphorus,
1036 2607 1164 2728 palus,
1154 2667 1207 2730 ips

177 2747 193 2796 8
212 2729 359 2796 Maeotis
403 2731 467 2796 hoc
489 2732 572 2796 mari
595 2735 628 2796 et
613 2733 771 2797 tduobus
789 2731 918 2797 inclutis
938 2731 1097 2817 amnibus,
1120 2733 1206 2799 Tan

213 2822 328 2972 atquet
331 2818 479 2903 Nilo,1n
501 2823 569 2884 tres
591 2824 701 2904 partes
723 2821 875 2886 universa
898 2820 1061 2888 dividitur.
1106 2821 1210 2888 Tanai

213 2929 232 2972 a
255 2909 475 2991 septentrione
503 2909 544 2973 ad
567 2909 734 2974 meridiem
756 2928 906 2994 vergens,
934 2910 967 2973 in
996 2910 1136 2975 mediam
1159 2911 1210 2976 fer

212 2995 379 3062 Maeotida
398 2997 523 3081 defluit3
543 3002 576 3064 et
595 3020 634 3063 ex
652 2998 780 3064 diverso
795 2997 891 3063 Nilus
909 2997 943 3062 in
961 3000 1105 3084 pelagus.
1143 3021 1201 3084 qu·

284 3231 307 3278 1.
324 3221 477 3291 eodemque
491 3239 560 3279 corr
575 3226 606 3278 ιἰι
621 3224 775 3294 eademque
790 3225 830 3279 A1
845 3224 998 3298 eodemque
1014 3224 1128 3281 Vinctos
1165 3230 1189 3282 1
1209 3263 1212 3269 ι

211 3308 401 3383 hemispheria
419 3313 446 3366 A
520 3319 543 3367 5.
563 3297 741 3368 anticthones
760 3314 787 3367 A
861 3321 902 3368 19
927 3329 1032 3385 magna
1050 3315 1078 3368 A
1096 3315 1198 3370 laomen

211 3385 346 3439 indicavit
365 3383 491 3438 Bursian
541 3389 582 3437 22.
601 3384 733 3452 partmon
751 3385 779 3438 A
797 3385 948 3455 porthmon
966 3404 986 3442 x
1045 3391 1088 3442 28
1108 3384 1210 3453 inclyti

211 3455 238 3516 A
311 3461 354 3515 31
372 3452 545 3512 maeotidem
558 3455 586 3507 A
658 3457 708 3522 qot
721 3455 762 3508 Α2
950 3479 953 3485 ·
