2424 3908
114 204 157 269 30
460 200 638 258 POMPONII
656 200 781 256 MELAE

112 367 196 431 tium
223 365 383 430 differunt.
428 363 612 430 Essedones
639 363 753 429 funera
779 365 963 447 parentium
992 363 1074 428 laeti
1097 367 1126 428 et
1167 384 1169 451 g

113 454 255 520 victimis
279 473 317 517 ao
334 453 417 517 festo
437 453 525 517 coitu
542 451 754 517 familiarium
773 452 946 517 celebrant
991 472 1126 535 corpora
1167 454 1169 505 ἓ

112 543 185 627 ipsa
202 541 326 607 laniata
344 545 377 604 et
394 541 498 605 caesis
517 561 670 623 pecorum
688 540 865 605 visceribus
884 540 1035 605 immixta
1054 560 1125 623 epu·
1167 574 1169 579 ·

114 631 211 696 lando
240 632 443 693 consumunt.
488 629 596 711 capita
623 628 680 693 ubi
706 627 800 693 fabre
824 628 1020 711 expolirem,
1049 648 1125 692 auro

113 719 225 782 vincta
247 737 307 800 pro
328 717 454 799 poculis
477 720 604 801 gerunt.
648 716 729 780 haee
752 720 828 780 sunt
851 715 936 800 apud
958 736 1014 781 eos
1039 716 1125 798 ipsos
1144 729 1154 771 ⁶

62 821 96 870 10
113 805 247 889 pietatis
261 804 379 869 ultima
393 804 509 870 officia.
540 803 724 889 Agathyrsi
742 826 800 868 ora
814 807 965 888 artusque
979 804 1126 888 pingunt,

114 898 152 958 ut
175 893 293 978 quique
316 893 492 958 maioribus
516 895 698 976 praestant,
725 893 774 957 ita
797 891 905 976 magis
928 890 1125 956 autminus:

115 988 258 1047 ceterum
281 980 383 1045 isdem
407 1002 517 1046 omnes
540 980 627 1045 notis
651 981 754 1045 etsie
780 984 819 1044 ut
841 979 931 1044 ablui
953 983 1126 1064 nequeant

115 1068 289 1135 Satarchae
313 1069 385 1133 auri
407 1069 598 1154 argentique
620 1069 837 1132 maximarum
855 1067 998 1150 pestium
1020 1067 1126 1154 ignari

113 1158 185 1221 vice
211 1179 319 1222 rerum
343 1158 536 1221 commercia
559 1160 722 1237 exercent,
750 1159 847 1239 atque
871 1156 912 1220 ob
940 1155 1156 1221 sacrabis-1⁰

114 1245 177 1308 mis
201 1244 375 1308 admodum
398 1243 565 1326 adsiduae,
593 1244 747 1308 demersis
770 1244 804 1307 in
826 1243 962 1307 humum
987 1243 1126 1326 sedibus,

115 1353 228 1414 specus
252 1335 309 1396 eut
332 1331 470 1396 suffossa
486 1331 649 1415 habitant,
670 1335 778 1396 totum
802 1331 927 1395 bracati
945 1353 1075 1416 corpus,
1097 1336 1126 1396 et

62 1436 94 1484 11
113 1420 179 1484 nisi
205 1441 268 1504 qua
294 1419 405 1483 uident
431 1419 531 1484 etiam
558 1441 617 1483 ora
643 1419 763 1484 vestiti.
809 1419 908 1483 Tauri
934 1419 1126 1504 Iphigeniae

114 1512 147 1573 et
174 1506 299 1572 Orestis
327 1508 467 1572 adventu
495 1507 635 1571 maxime
663 1507 836 1572 memorati
863 1507 1023 1572 immanes
1053 1511 1126 1573 sunt

114 1596 274 1679 moribus,
300 1595 538 1679 immanemque
562 1595 683 1660 famam
705 1595 828 1660 habent
852 1595 955 1660 solere
978 1617 1040 1679 pro
1064 1597 1125 1661 rie·
1136 1608 1157 1651 1⁵

114 1683 204 1747 timis
220 1683 359 1747 advenas
375 1683 516 1748 caedere.
553 1681 707 1748 Basilidis
722 1685 763 1748 ab
777 1682 918 1748 Hercule
932 1688 966 1749 et
978 1683 1126 1750 Echidna

114 1771 242 1855 generis
256 1771 416 1854 principia
435 1775 519 1854 sunt,
537 1793 645 1836 mores
661 1772 754 1855 regii,
772 1773 1126 1857 armattantumsagit

114 1863 176 1925 tae.
222 1860 298 1944 uagi
321 1857 484 1924 Nomades
507 1882 660 1944 pecorum
685 1860 1002 1944 pabula—secuntur,
1030 1865 1125 1946 atque

113 1953 151 2013 ut
177 1948 236 2012 illa
263 1948 380 2012 durant
407 1949 454 2012 ita
481 1948 535 2012 diu
569 1952 688 2012 statam
717 1948 825 2012 sedem
853 1953 963 2033 agunt.
1015 1949 1126 2014 colunt

114 2034 236 2119 Georgi
268 2038 480 2119 exercentque
511 2057 617 2117 agros.
666 2036 804 2100 Asiaoae
836 2035 938 2100 furari
971 2037 1050 2120 quid
1083 2038 1157 2102 sua

113 2123 279 2206 ignorant,
305 2122 442 2206 ideoque
464 2144 524 2186 nee
547 2145 605 2188 sua
628 2124 815 2188 custodiunt
836 2145 896 2188 nec
921 2124 1030 2189 aliena
1054 2147 1125 2191 con·

62 2225 95 2275 12
114 2210 256 2294 tingrmt.
283 2211 420 2274 interius
429 2210 650 2275 habitantium
662 2212 746 2275 ritus
761 2213 913 2296 asperior,
927 2216 960 2277 et
975 2213 1126 2278 incultior

114 2298 204 2381 regio
229 2301 288 2361 est.
328 2298 416 2362 bella
439 2299 614 2382 caedesque
633 2303 754 2382 amant,
777 2320 911 2384 mosque
930 2304 980 2365 est
1002 2301 1125 2366 bellan·

114 2384 215 2464 tibus,
244 2406 389 2450 cruorem
414 2386 482 2451 eius
507 2408 602 2470 quem
624 2387 764 2470 primum
787 2389 1024 2453 interemerunt
1044 2390 1124 2473 ipsis

115 2496 153 2538 ex
176 2474 364 2539 vulneribus
387 2475 524 2548 ebibere.
570 2476 763 2559 utquisque
789 2477 900 2559 plures
924 2478 1158 2542 interamenta

113 2563 160 2626 ita
183 2566 263 2646 aput
286 2584 341 2627 eos
363 2563 503 2629 habetur
526 2563 675 2647 eximius3
698 2567 842 2628 ceterum
866 2569 1030 2648 expertem
1055 2587 1125 2631 esse

114 2651 221 2714 caedis
258 2650 343 2715 inter
379 2653 552 2735 opprobria
587 2652 641 2716 rel
677 2653 862 2716 maximum.
916 2675 958 2718 ne
993 2653 1125 2719 foedera

114 2737 244 2820 quidem
271 2738 439 2803 incruenta
467 2745 554 2822 sunt3
590 2740 736 2805 sauciant
763 2763 797 2804 se
828 2741 884 2824 qui
909 2742 1124 2825 paciscuntur,

114 2828 361 2909 exemptumque
390 2829 581 2910 sanguinem
613 2828 669 2892 ubi
696 2829 911 2911 permiscuere
942 2829 1124 2914 degustant.

61 2932 93 2980 13
113 2913 146 2978 id
172 2917 291 2997 putant
317 2936 487 2979 mansurae
515 2915 589 2979 fidei
615 2917 734 2999 pignus
763 2917 987 2982 certissimum.
1038 2919 1159 2984 intera

184 3112 209 3159 2.
223 3103 394 3158 familiarum
408 3105 436 3158 A
449 3103 654 3160 familiariumo
709 3113 732 3160 7.
748 3108 874 3175 praestat
888 3107 916 3160 A
965 3113 990 3160 9,
1010 3106 1122 3160 sarthae

112 3175 141 3230 A
160 3175 310 3229 Satarchae
329 3176 479 3231 Pincianus
534 3183 575 3230 10.
595 3177 678 3245 atque
697 3177 738 3230 A¹
756 3195 823 3232 corr.
884 3185 925 3232 11.
946 3175 1063 3232 adsidue
1082 3177 1124 3230 A²

112 3246 224 3300 assidue
247 3245 288 3298 Α2
368 3253 409 3301 16.
432 3245 571 3300 basilidiis
594 3247 622 3300 A
644 3246 816 3302 Basilidiso
894 3255 935 3302 17.
959 3246 1073 3319 regi<i>
1095 3246 1123 3301 A

114 3318 135 3387 (i
153 3320 185 3372 ire
202 3333 257 3373 ras.
272 3316 323 3386 A2)
379 3324 420 3373 18.
435 3333 568 3387 pecorum
586 3318 688 3372 durant
701 3319 729 3372 A
746 3334 880 3389 pecorum
898 3320 994 3374 deiecit
1012 3318 1123 3373 Vossius

132 3461 137 3471 ι
169 3395 226 3512 gt.
250 3403 347 3441 cruore
365 3388 394 3440 A
470 3394 512 3442 25.
537 3387 662 3457 quisquis
685 3390 713 3442 A
741 3389 858 3458 quisque
885 3406 906 3444 a
982 3395 1025 3444 26.
1054 3388 1123 3458 aput

112 3475 151 3513 sac
