2424 3908
369 185 551 242 cnonoan.
570 186 610 241 111
630 191 654 241 r.
674 187 841 258 aar-oo)
1070 188 1112 255 '13

88 369 228 436 corpore
254 347 384 415 hirsuti.
429 349 588 416 interiora
610 347 745 415 Gedrosi
774 348 891 416 dehinc
912 348 1031 417 Persae
1055 351 1113 418 ba·

87 437 211 504 bitant.
256 435 362 504 Saetis
384 459 443 522 per
462 436 665 521 Carmanios,
688 459 789 522 supra
807 436 923 505 Sandis
943 443 976 505 et
996 437 1112 507 Oorioa

89 525 240 594 effluunt.
295 526 332 591 in
366 529 461 610 parte
518 548 580 592 uae
615 526 725 612 pelaffl
762 528 848 594 ostio
885 527 1022 594 adrerm
1059 532 1109 594 est
1127 545 1164 595 rc

87 613 349 700 Babyloniorum
385 615 466 680 fines
497 547 805 700 Bhaldaeorumque
842 620 937 699 sunt,
975 619 1009 682 et
1046 617 1109 683 duo

59 703 174 770 solari
192 724 305 769 amnes
323 702 432 788 Tigris
451 702 579 769 Persidi
595 703 740 788 propior,
759 704 895 770 ulterior
912 703 1110 790 Euphrates.

87 790 201 879 Tigris
232 796 271 857 ut
300 795 397 858 natus
430 795 481 858 est
508 793 557 858 ita
584 791 778 858 descendens
809 813 912 877 usque
942 794 979 858 in
1011 793 1111 860 litora
1128 811 1164 862 rr

87 883 244 965 permeat.
298 878 485 965 Euphrates
521 880 658 946 immani
694 901 751 946 ore
787 885 902 966 aperto
937 903 1005 948 non
1042 883 1111 948 exit

85 972 219 1035 tantum
241 967 327 1034 unde
349 969 467 1052 oritur,
489 969 545 1034 sed
568 972 603 1034 et
622 971 715 1034 vaste
739 990 866 1054 quoque
889 969 1029 1055 decidit,⁴
1049 993 1109 1036 neo

89 1061 181 1124 secat
211 1057 364 1123 continuo
396 1077 508 1143 agros,
543 1058 611 1124 late
646 1056 781 1122 diffusus
818 1058 854 1122 in
885 1061 1017 1144 stagna,
1053 1059 1108 1125 diu

47 1146 278 1213 resedentibus
301 1145 394 1231 aquis
413 1146 508 1230 piger
530 1151 565 1211 et
587 1146 657 1211 sine
676 1146 769 1211 alveo
793 1147 935 1231 patulus,
957 1150 1034 1232 post
1051 1148 1109 1213 ubi

86 1234 388 1407 tillidi
401 1234 649 1389 lffitltlt’
664 1235 887 1407 iiiiii&
909 1235 1110 1390 illidit

86 1412 190 1497 petit,
224 1411 261 1477 ni
292 1410 419 1477 Teuma
451 1411 562 1477 obstet
591 1411 627 1476 in
657 1415 773 1477 nostra
803 1412 909 1478 maria
943 1417 1109 1478 venturus.

86 1500 163 1566 inde
190 1501 232 1566 ad
257 1500 426 1566 meridiem
459 1501 632 1584 avertitur,
664 1504 698 1566 et
729 1500 871 1585 primum
899 1497 1000 1585 Syros
1033 1504 1110 1567 tuno
1129 1515 1165 1567 ⁷8

48 1588 217 1655 reArabas
240 1589 406 1674 ingressus
428 1609 494 1655 non
516 1588 671 1673 perdurat
693 1589 728 1654 in
750 1590 900 1674 pelagus,
924 1610 1036 1654 rerum
1059 1590 1109 1654 in·

87 1696 169 1762 gens
192 1676 289 1743 modo
313 1681 346 1744 et
367 1677 579 1763 navigabilis,
601 1677 676 1742 inde
699 1677 806 1743 tenuis
826 1678 915 1743 rivus
938 1677 1109 1762 despectas

87 1766 260 1851 emoritur,
286 1769 320 1831 et
345 1788 508 1851 nusquam
535 1765 713 1831 manifesto
742 1767 831 1831 exitu
858 1765 963 1830 effluit
991 1766 1108 1831 otalii

87 1874 200 1920 amnes
215 1854 270 1919 sed
285 1853 403 1920 deficit.
431 1855 572 1920 alterum
590 1854 676 1918 latus
692 1853 797 1919 ambit
809 1853 911 1938 plaga
924 1874 1007 1937 quae
1021 1855 1108 1919 inter
1128 1870 1163 1919 re

85 1946 262 2027 utrumque
278 1944 417 2028 pelagus
436 1941 585 2009 excurrit
630 1941 756 2008 Arabia
778 1941 905 2025 dicitur,
928 1961 1109 2028 cognomen

47 2029 294 2115 roEudaemon‚
318 2035 467 2118 angusta,
488 2051 602 2096 verum
624 2030 768 2096 cinnami
791 2033 824 2095 et
845 2030 929 2095 turis
954 2030 1109 2096 aliorum·

88 2140 152 2204 que
181 2118 316 2186 odorum
345 2121 485 2186 maxime
513 2119 612 2185 ferax.
662 2119 820 2185 maiorem
849 2117 967 2185 Sabaei
996 2122 1109 2185 tenent

85 2211 235 2361 gistum,
277 2208 364 2275 ostio
399 2208 582 2293 proximam
619 2210 653 2273 et
688 2200 873 2274 Carmaniis
910 2209 1108 2274 contrariam

123 2317 210 2363 aeae.
263 2295 406 2363 frontem
439 2317 521 2382 quae
552 2296 638 2362 inter
673 2297 761 2363 ostia
792 2296 975 2363 ostenditur
1007 2296 1109 2363 silvae

86 2389 264 2469 cautesque
292 2390 495 2471 exasperant
540 2385 668 2468 aliquot
696 2385 829 2451 suntin
850 2385 957 2451 medio
981 2385 1107 2450 insulae

47 2491 74 2534 a
88 2474 182 2559 sitae,
204 2471 327 2559 Ogyris
350 2475 437 2559 quod
460 2474 494 2539 in
516 2494 555 2537 ea
572 2473 738 2557 Erythrae
760 2472 849 2556 regis
871 2473 1107 2538 monimentum

85 2567 138 2627 est
154 2562 263 2648 magis
282 2562 373 2629 clara
390 2584 488 2648 quam
508 2565 642 2628 ceterae.
682 2562 822 2627 alterum
840 2560 948 2625 sinum
965 2559 1108 2645 undique
1126 2576 1163 2628 80

84 2649 214 2716 Arabes
246 2650 426 2736 incingunt.
480 2651 522 2716 ab
554 2671 594 2714 ea
624 2652 718 2732 parte
751 2670 833 2734 quae
865 2649 1104 2716 introeuntibus

84 2738 202 2804 dextra
228 2742 279 2804 est
300 2739 398 2805 urbes
427 2742 504 2805 sunt
526 2736 651 2804 Charra
680 2741 714 2803 et
735 2737 861 2804 Arabia
887 2741 921 2803 et
943 2736 1106 2825 Gadanus,

83 2827 119 2891 in
158 2827 263 2893 altera
299 2829 340 2893 ab
377 2827 496 2894 intimo
533 2826 653 2913 angulo
690 2827 799 2911 prima
829 2825 986 2892 Berenice
1021 2827 1107 2892 inter

45 2913 368 3000 eoHeroopoliticum
400 2919 434 2982 et
463 2913 656 3001 Strobilum,
686 2915 803 2981 deinde
835 2916 921 2981 inter
951 2937 1104 2999 promun-

155 3115 181 3162 2.
197 3107 297 3162 choros
311 3107 339 3161 A
354 3106 451 3163 Corios
464 3107 611 3163 Barbarae
683 3113 709 3162 3.
718 3112 783 3176 post
796 3104 916 3160 effluunt
928 3107 1106 3161 inaceriam

81 3180 227 3235 duodecim
250 3179 404 3234 litterarum
475 3184 500 3234 5.
519 3177 636 3248 propior
652 3178 694 3233 A¹
717 3193 786 3234 corr.
859 3183 902 3232 20.
922 3176 1060 3231 eudemon
1077 3177 1106 3230 A

155 3255 199 3304 23.
227 3264 348 3318 magnae
370 3250 399 3304 A
422 3249 520 3305 Macae
548 3249 695 3304 Barbarae
771 3253 813 3303 25.
842 3247 919 3317 gyris
946 3247 974 3301 A
1003 3245 1105 3316 Ogyris

83 3320 240 3376 Plotinam
316 3325 359 3375 26.
381 3328 445 3390 post
468 3319 560 3374 sinum
600 3320 703 3390 araque
729 3320 786 3386 sere
814 3320 919 3373 litterae
940 3333 1034 3372 erasae

82 3397 126 3448 30.
150 3388 382 3461 hieropoliticum
404 3391 432 3445 A
454 3391 587 3461 Heroopo
602 3389 700 3446 'ticum
721 3390 868 3445 Barbarae
943 3386 1015 3462 (et)
1042 3392 1106 3443 arte

81 3461 233 3516 strobilum
249 3461 292 3516 A⁸
1084 3520 1162 3668 Ι
