2424 3908
357 217 539 275 οιιοιιοιιι.
559 219 600 274 111
619 225 644 276 e.
665 225 680 274 ι
700 221 829 290 (ιι-ιι)
1062 218 1104 285 69

82 385 177 467 sunt,
204 382 260 449 aad
286 403 345 468 per
371 381 513 448 hiemem
541 381 626 448 siout
653 381 755 448 aliubi
782 382 953 468 obscurae,
982 385 1106 450 aestate

84 471 227 556 lucidae,
257 472 344 557 quod
370 492 429 556 per
455 471 489 536 id
516 474 648 555 tempus
674 471 742 536 iam
771 493 805 537 se
833 471 930 537 altius
959 470 1106 556 evehens,

83 580 284 646 quamquam
306 559 377 644 ipse
399 579 465 624 non
488 563 648 643 oematur,
669 559 778 626 ricino
800 563 914 626 tamen
935 559 1107 645 splendore

84 648 239 734 proxima
265 648 434 728 inlustrat,
465 669 524 733 per
551 647 733 714 solstitium
760 668 836 714 vero
864 648 989 733 nullae,
1020 648 1106 733 quod

56 743 160 803 etum
196 738 263 802 iam
296 736 504 803 manifestior
539 757 606 802 non
637 736 801 822 fulgorem
837 736 934 802 modo
967 737 1023 802 sed
1056 737 1107 804 sui

85 846 214 910 quoque
236 828 364 910 partem
392 825 569 891 maximam
598 827 752 890 ostentat.
798 824 901 909 Talge
928 825 964 889 in
986 822 1105 910 Caspio
1126 832 1160 892 68

40 905 44 913 ’
84 915 173 980 mari
192 914 262 978 sine
281 914 371 979 oultu
388 913 519 997 fertilis,
542 913 631 978 omni
652 913 746 998 fruge
770 913 984 979 aufractibus
1008 913 1107 980 abun·

87 1003 185 1082 dans,
204 1002 261 1068 sed
278 1002 379 1068 vieini
397 1002 511 1088 populi
530 1023 612 1085 quae
631 1002 813 1086 gignuntur
830 1001 998 1087 adtingere
1015 1001 1107 1068 nefas

87 1096 122 1156 et
154 1113 215 1175 pro
248 1091 421 1176 sacrilegio
453 1090 594 1174 habent,
630 1090 691 1154 diis
727 1093 845 1175 parata
880 1090 1107 1156 existimantes

45 1179 216 1263 radiisque
241 1179 407 1245 servanda.
454 1179 582 1264 aliquot
609 1182 644 1244 et
669 1178 737 1243 illis
761 1178 828 1244 oria
852 1200 934 1264 quas
962 1178 1107 1245 desertas

86 1268 227 1333 diximus
255 1289 293 1334 ae
317 1289 357 1333 ue
385 1267 533 1333 desertae
561 1266 725 1352 adiacent,
758 1289 839 1353 quas
868 1267 938 1333 sine
964 1268 1106 1352 propriis

84 1356 274 1422 nominibus
295 1289 469 1440 boythieas
492 1359 619 1422 vocant.

177 1445 231 1509 Ab
257 1444 347 1509 his
337 1466 371 1509 ιιι
393 1443 501 1510 ileum
528 1465 619 1510 mare
648 1465 763 1510 cursus
789 1443 982 1528 inflectitur,
1008 1423 1160 1550 inquel9

87 1554 180 1599 orem
199 1537 305 1598 terrae
325 1534 504 1618 spectantis
524 1534 692 1598 orientem.
732 1532 876 1617 pertinet
893 1533 974 1599 haee
992 1555 1012 1598 a
1032 1500 1141 1618 Sey-⁵

46 1637 73 1680 ιι
88 1621 180 1687 thiro
202 1623 431 1706 promunturio
455 1622 497 1687 ad
520 1620 637 1688 Colida
658 1620 800 1705 primum
828 1622 870 1687 ob
893 1622 985 1686 nives
1010 1621 1108 1705 invia,

87 1710 204 1776 deinde
228 1710 303 1776 ob
293 1711 416 1775 mmani
416 1714 519 1776 tatem
542 1709 762 1775 habitantium
785 1709 889 1775 ineult
874 1713 918 1775 ta.
964 1707 1107 1794 Scythae

87 1803 166 1864 sunt
192 1797 436 1883 Androphagoe
464 1803 498 1864 et
526 1796 640 1882 Sacae,
672 1798 818 1863 distincti
851 1798 999 1883 regione,
1031 1799 1108 1883 quia

87 1887 168 1951 ieris
196 1890 312 1970 scatet,
343 1887 561 1954 inhabitabili.
611 1892 707 1951 vasta
736 1885 851 1950 deinde
881 1887 1001 1951 iterum
1033 1887 1106 1952 looa
1124 1904 1160 1954 ιο

89 1975 206 2040 beluae
230 1976 402 2060 infestant,
430 1996 532 2060 usque
556 1974 596 2040 ad
619 1977 765 2040 montem
788 1974 871 2039 mari
893 1975 1105 2040 inminentem

44 2080 72 2121 ιι
85 2064 220 2130 nomine
238 2064 366 2129 Tabim.
406 2064 504 2149 longe
523 2064 565 2128 ab
584 2083 622 2128 eo
641 2062 769 2127 Taurus
791 2063 971 2128 adtollitur.
1013 2061 1106 2129 Seres

86 2152 266 2237 intersunt,
291 2173 393 2238 genus
415 2153 549 2236 plenum
571 2152 726 2234 iustitiae,
749 2156 782 2216 et
804 2152 997 2218 commercio
1021 2152 1107 2237 quod

85 2241 184 2307 rebus
208 2243 243 2306 in
266 2241 443 2307 solitudine
465 2240 587 2306 relictis
607 2240 725 2306 absens
742 2240 871 2326 peragit
889 2240 1107 2306 notissimum.

85 2327 181 2394 India
211 2350 278 2394 non
306 2328 379 2395 Eoo
411 2333 541 2395 tantum
574 2329 725 2414 adposita
758 2329 887 2414 pelago,
925 2329 981 2395 sed
1014 2333 1047 2395 et
1077 2330 1107 2394 ei
1125 2345 1159 2394 ιι

88 2417 175 2502 quod
198 2418 250 2483 ad
262 2418 432 2484 meridiem
456 2422 607 2503 spartane
627 2417 774 2482 Indicum
798 2417 952 2501 diximus,
975 2425 1008 2482 et
1030 2417 1107 2482 hine

46 2522 74 2563 ιι
89 2505 224 2572 'lauri'
214 2507 309 2592 rugis,
332 2507 374 2572 ab
398 2507 565 2571 occidente
589 2504 670 2570 Indo
693 2505 789 2570 finita
811 2508 939 2569 tantum
963 2505 1107 2589 spatium

87 2593 197 2659 litoris
215 2599 360 2680 occupat,
383 2599 542 2684 quantum
565 2615 624 2677 per
647 2592 817 2678 sexaginta
839 2593 908 2657 dies
931 2595 1107 2678 noctesque

87 2683 328 2749 velificantibus
347 2704 460 2749 cursus
479 2687 542 2767 est3
563 2682 613 2747 ita
629 2683 768 2747 multum
788 2681 947 2746 anostris
967 2681 1107 2747 abducta

161 2864 185 2912 1
204 2856 318 2912 hiemen
335 2858 364 2912 A
419 2863 444 2914 3.
463 2855 642 2928 quantiquam
659 2858 687 2911 A
742 2854 912 2925 4.proxime
933 2856 961 2910 A
979 2855 1107 2925 proxima

84 2945 106 2984 ιι
158 2927 520 2998 efulgereAmlgoreme
571 2925 1107 2998 6.talgaeA¹eorrTalge1temoldaus

161 3005 185 3053 ι.
204 2997 313 3053 fertiles
327 2999 368 3055 A1
388 3015 457 3054 corr.
472 2996 609 3054 fertiliso
682 3004 723 3052 10.
744 2995 853 3064 aliquot
866 2997 907 3050 A¹
921 3013 989 3053 corr
1064 3002 1105 3052 13.

87 3085 186 3125 eorum
199 3085 312 3124 recursu
322 3073 349 3125 A
364 3068 452 3124 Eoum
465 3085 541 3123 mare
552 3085 647 3123 oureus
659 3069 813 3124 Piretiuaus
869 3072 908 3122 lt.
924 3066 960 3120 ad
982 3065 1057 3122 osita
1065 3067 1107 3123 A¹

86 3139 222 3211 apposita
230 3141 272 3195 A’
285 3140 322 3195 ad
333 3139 568 3196 ColidaSebottas
622 3137 764 3194 omnisues
774 3140 802 3193 A
816 3137 890 3192 ob
861 3155 942 3192 mves
990 3155 1107 3195 ommam

161 3217 203 3266 1⁷.
223 3227 308 3282 sagae
326 3214 354 3266 A
374 3210 462 3266 Sacae
486 3211 613 3266 Setottue
685 3215 726 3264 18.
749 3207 937 3264 inhabitabile
960 3211 988 3264 A
1061 3214 1104 3264 ιο.

85 3281 238 3337 adtollitur
250 3283 292 3339 A¹
305 3281 447 3336 attollitur
455 3281 497 3339 A²
547 3286 589 3335 ιι
600 3279 786 3351 postperagit
803 3281 981 3335 interstitium
993 3280 1108 3335 sedeate

88 3355 244 3409 litterarum
288 3351 438 3407 notissima
451 3354 478 3408 A
492 3350 672 3407 notissimum
687 3350 817 3406 Suectius
834 3357 860 3405 et
878 3350 1014 3404 ademit
1032 3351 1106 3405 uate·

87 3425 246 3481 sedentibus
316 3430 359 3479 23.
380 3439 414 3478 eo
432 3424 460 3478 A
478 3424 574 3480 Eoos
646 3428 688 3476 24.
709 3420 820 3491 speetat
836 3420 864 3474 A
883 3421 1014 3501 spectans
1033 3437 1053 3477 ιι

86 3501 131 3552 ιι.
150 3494 218 3550 inde
236 3495 264 3551 A
281 3495 352 3550 Indo
369 3511 391 3551 ιι
461 3495 542 3549 tanto
562 3493 655 3564 spatio
673 3493 701 3549 A
718 3493 830 3546 tantum
849 3488 972 3561 spatium
989 3507 1010 3547 ιι
