2424 3908
148 195 190 261 32
491 192 811 250 eomounuumu

147 358 248 423 terior
266 357 398 423 adtollit
415 355 565 422 Haemon
583 360 616 421 et
633 356 814 440 Rhodopen
832 360 867 421 et
885 354 1038 442 Orbelon,
1062 358 1160 423 sacris

147 445 257 511 Liberi
288 445 392 530 patris
424 449 457 509 et
489 448 583 509 coetu
615 444 824 527 Maenadum,
855 443 985 529 Orpheo
1019 446 1161 529 primum

147 533 312 616 initiante,
342 532 533 598 celebratos.
578 533 689 618 equis
713 531 855 597 Haemos
877 533 913 597 in
935 535 1065 599 tantum
1091 535 1161 599 alti·
1205 580 1207 617 ;

146 622 268 687 tudinis
289 621 367 703 abit,
385 625 422 685 ut
439 619 603 687 Euxinum
622 623 656 685 et
673 619 820 687 Hadrian
839 642 878 685 ex
896 643 1023 686 summo
1041 622 1162 687 vertice
1205 622 1207 633 '

95 725 128 774 18
148 709 306 776 ostendat.
356 730 421 774 una
447 728 527 793 gens
559 708 699 774 Thraces
726 709 896 793 habitant,
924 709 998 774 aliis
1026 710 1190 794 aliisque⁵

148 797 289 882 praediti
307 800 340 861 et
357 797 543 862 nominibus
564 800 596 861 et
614 797 768 863 moribus.
804 797 936 880 quidam
952 797 1015 862 feri
1034 801 1114 862 sunt
1133 802 1162 863 et

149 884 351 970 paratissimi
374 885 414 950 ad
433 887 581 963 mortem,
604 883 706 950 Getae
725 885 844 969 utique.
889 884 925 950 id
942 885 1034 950 varia
1052 886 1162 969 opinio

150 974 290 1058 perficit3
320 973 378 1038 alii
401 973 560 1038 redituras
584 975 702 1056 putant
724 973 849 1038 animas
873 974 1080 1058 obeuntium,
1108 974 1162 1038 alii

151 1062 213 1127 etsi
234 1084 301 1127 non
324 1062 457 1127 redeant
478 1082 544 1127 nou
568 1061 715 1144 extingui
732 1065 852 1144 tamen,
876 1062 932 1125 sed
955 1061 996 1126 ad
1015 1061 1163 1126 beatiora

148 1151 301 1232 transire,
324 1149 383 1214 alii
406 1150 508 1214 emori
531 1149 674 1233 quidem,
698 1148 753 1213 sed
775 1149 809 1213 id
831 1148 946 1214 melius
970 1170 1041 1214 esse
1065 1171 1162 1233 quam
1173 1165 1193 1206 1⁰

149 1238 265 1302 vivere.
311 1237 422 1320 itaque
440 1238 593 1320 lugentur
611 1238 696 1320 apud
714 1236 872 1320 quosdam
889 1237 1063 1320 puerperia
1081 1237 1163 1303 nati·

150 1346 211 1409 que
234 1324 401 1408 deflentur,
423 1325 540 1389 funera
558 1329 671 1391 contra
688 1325 774 1390 festa
792 1329 875 1403 sunt,
900 1328 932 1389 et
951 1325 1052 1390 veluti
1072 1348 1163 1391 sacra

98 1429 129 1478 19
150 1417 249 1479 cantu
269 1415 406 1497 lusuque
429 1413 643 1479 celebrantur.
688 1435 729 1477 ne
750 1413 881 1477 feminis
904 1412 1034 1496 quidem
1053 1414 1162 1498 segnis

151 1502 278 1566 animus
302 1506 361 1568 est.
402 1522 498 1584 super
521 1504 723 1566 mortuorum
742 1501 887 1566 virorum
905 1522 1040 1585 corpora
1064 1503 1162 1567 inter-

150 1589 203 1653 fici
225 1589 387 1673 simulque
410 1589 541 1673 sepeliri
564 1593 679 1654 votum
700 1589 854 1654 eximium
873 1589 1005 1672 habent,
1028 1593 1063 1654 et
1087 1590 1192 1674 quiae

149 1677 260 1760 plures
284 1678 382 1741 simul
404 1677 542 1761 singulis
566 1680 685 1761 nuptae
710 1680 799 1761 sunt,
826 1679 915 1742 cuius
938 1676 972 1741 id
998 1677 1043 1741 sit
1066 1678 1163 1744 decus

151 1764 1163 1938 tltffsstglll'lttflfdultsstdelituunt

694 1904 703 1937 ἲ

97 1955 132 2004 2ο
151 1941 287 2006 vincere:
334 1944 482 2006 maerent
509 1941 593 2006 aliae
615 1940 763 2024 vocibus,
791 1946 920 2007 etcum
944 1941 1162 2009 acerbissimis

149 2030 335 2112 planctibus
364 2029 509 2095 efferunt.
555 2032 590 2092 at
617 2029 734 2112 quibus
762 2029 924 2095 consolari
952 2051 1006 2094 eas
1035 2031 1194 2096 animosa

150 2120 214 2200 est,
242 2139 333 2181 arma
361 2137 502 2199 opesque
530 2117 571 2181 ad
598 2137 694 2201 rogos
722 2117 884 2201 defeumt,
913 2118 1101 2204 paratique,
1127 2123 1163 2184 ut

150 2204 315 2288 dictitant,
343 2226 416 2269 cum
443 2204 511 2268 fato
539 2204 689 2287 iacentis,
718 2205 746 2269 si
773 2204 924 2270 daturin
953 2229 1085 2290 manus,
1111 2208 1163 2272 vel

149 2292 271 2375 pacisci
298 2292 350 2357 vel
377 2291 559 2374 decernere,
591 2292 648 2356 ubi
674 2313 734 2356 nec
763 2314 891 2379 pugnae
917 2315 977 2359 neo
1006 2296 1163 2378 pecuniae

97 2380 239 2445 21locus
273 2381 329 2464 sit,
360 2401 423 2441 *a*
450 2382 645 2463 manentque
678 2380 824 2445 dominas
857 2383 956 2466 proci.
1001 2387 1162 2467 nupturae

151 2469 294 2554 virgines
312 2490 379 2533 non
398 2491 418 2533 a
439 2468 629 2551 parentibus
648 2468 726 2533 viris
749 2469 883 2535 tradunt
868 2473 931 2553 tur,
955 2469 1011 2535 sed
1033 2472 1195 2572 publicet

152 2561 209 2622 aut
222 2558 333 2622 locant
318 2560 371 2621 tur
385 2556 546 2621 ducendae
561 2560 618 2620 aut
630 2561 779 2622 veneunt
807 2563 917 2623 utrum
930 2558 989 2622 fiat
1003 2580 1042 2623 ex
1055 2558 1162 2642 specie

152 2649 185 2709 et
208 2645 353 2710 moribus
377 2666 474 2710 causa
497 2648 556 2709 est
600 2645 723 2728 probae
749 2646 1007 2730 formosusque
997 2668 1033 2711 m
1055 2649 1162 2730 pretio

152 2732 1164 2818 mmmmwfflmmmmfflpmmtm.vm

151 2842 228 2884 usus
257 2820 487 2912 quibusdam
477 2823 571 2904 1gnot
573 2844 609 2886 us
639 2825 701 2887 est·
734 2822 983 2906 epulantibust
985 2844 1080 2908 amen
1107 2823 1165 2888 ubi

224 3088 246 3135 1.
266 3081 383 3136 adtollit
396 3081 437 3136 A¹
455 3081 564 3137 attollit
576 3080 616 3136 A²
675 3083 814 3138 haemona
826 3084 854 3137 A
873 3084 1000 3138 Haemon
1017 3084 1164 3140 Barbam

213 3151 369 3222 rhodopem
386 3152 415 3206 A
432 3152 589 3224 Rhodopen
606 3171 623 3209 v
690 3161 715 3208 2.
736 3155 841 3238 orphpo
860 3155 888 3207 A
950 3159 974 3208 8.
988 3155 1105 3223 perficit
1123 3155 1164 3208 A¹

150 3256 219 3295 corr
285 3246 325 3296 16.
344 3242 449 3321 nuptae
468 3241 508 3323 A¹
526 3259 595 3298 corr
661 3241 772 3297 laelii
789 3242 817 3295 A
835 3242 942 3298 aliaec
1006 3248 1048 3297 20,
1068 3259 1116 3298 eos
1136 3243 1165 3297 A

151 3326 236 3366 ease
313 3316 354 3364 22.
379 3311 499 3366 inmanis
522 3313 580 3367 A
572 3331 602 3366 m
625 3328 722 3366 manus
745 3330 761 3367 o
837 3320 879 3369 24.
904 3320 967 3369 uate
993 3315 1163 3382 manentque

149 3381 386 3508 lacuppmvaitrptcpp‘
403 3383 578 3510 vmplopninos
601 3383 629 3436 A
647 3383 774 3437 dominas
796 3400 813 3438 o
880 3386 1017 3453 nupturae
1032 3383 1074 3438 A¹
1093 3401 1162 3442 corr.

97 3620 218 3656 A
