2424 3908
366 198 548 256 cuonone
566 198 593 254 11
611 206 636 256 e.
657 202 819 271 spo-ee)
1056 202 1099 268 49

81 383 187 447 paene
211 364 301 427 totus
319 361 354 425 in
377 383 467 427 mare
484 362 681 445 prominens.
727 363 755 427 is
775 363 893 428 mirum
915 365 951 429 in
968 365 1101 430 modum

83 471 263 533 concavus,
291 449 332 514 ab
356 471 395 515 ea
420 454 514 534 perte
537 472 602 535 qua
626 454 753 535 spectat
780 473 931 517 occasum
958 453 1102 519 medium

83 539 152 604 fere
175 539 263 604 lalus
286 539 401 623 aperit,
424 543 521 624 alque
543 539 617 604 inde
639 540 796 625 ingressis
818 544 909 607 totus
928 541 1101 607 admodum

84 628 219 712 pervius
247 649 348 711 prope
375 632 534 712 quantum
560 631 654 712 patei
681 649 809 714 speons3
838 633 871 694 et
899 630 990 694 sinus
1016 631 1103 695 ultra
1120 647 1154 696 ee

55 720 138 780 ease
169 717 205 781 in
236 736 337 800 eoque
370 714 533 800 Garmias
548 720 585 780 ut
617 717 747 800 quidam
778 720 896 800 putant
929 719 1102 802 aliquando

84 805 249 888 Tartesos,
268 809 301 868 eh
320 826 418 888 quam
435 805 614 870 transvecti
632 825 671 869 ex
689 804 801 870 Africa
814 805 992 872 Phoenices
1010 806 1102 872 habi-

84 896 159 957 iani
182 895 280 976 eique
297 892 382 956 unde
403 915 463 958 nos
483 914 593 958 sumus
612 892 818 977 Tingenhera.
864 897 934 958 ium
953 893 1103 959 Mellaria

85 985 120 1046 eh
137 980 232 1047 Bello
257 985 290 1045 et
308 981 471 1067 Baesippo
495 1003 597 1065 usque
621 982 662 1047 ad
683 981 817 1071 Iunonis
841 983 1102 1066 promunturium

86 1092 180 1135 oram
193 1069 270 1134 freti
285 1073 428 1154 occupat
455 1070 538 1134 illud
551 1071 617 1134 iam
631 1069 666 1135 in
684 1070 882 1135 occidentem
896 1073 929 1135 ei
948 1092 1103 1136 oceanum

46 1175 72 1215 ιο
87 1158 223 1243 obliquo
242 1159 319 1243 iugo
339 1178 520 1242 excurrens,
538 1162 636 1242 eique
655 1158 685 1222 ei
704 1157 790 1243 quod
808 1158 846 1223 in
857 1158 971 1223 Afrioa
984 1158 1103 1244 Ampe-

85 1246 207 1312 lusiam
221 1268 291 1312 esse
306 1245 489 1312 dixeramus
505 1247 684 1330 adversum,
703 1268 768 1331 qua
781 1250 896 1313 nostra
909 1247 1014 1312 maria
1027 1251 1104 1313 sunl

85 1335 159 1400 finit
180 1333 344 1419 Europen.

177 1422 284 1488 Gades
321 1424 430 1488 insula
466 1444 550 1506 quae
586 1425 727 1509 egressis
763 1423 884 1488 fretum
921 1423 1017 1489 obvia
1053 1428 1104 1489 est
1122 1404 1155 1531 ἔτ

87 1511 241 1577 admonet
269 1515 343 1577 anie
371 1512 512 1596 reliquas
540 1512 645 1578 dicere
677 1534 775 1596 quam
802 1512 837 1577 in
864 1513 977 1578 ooeani
1006 1513 1104 1578 litora

48 1616 73 1658 15
86 1605 310 1685 terrarumque
338 1601 522 1684 circuitum,
553 1604 591 1665 ui
618 1601 712 1665 inilio
741 1601 964 1686 promisimus,
997 1601 1104 1666 oratio

88 1690 231 1755 excedai
276 1709 399 1772 paneae
424 1693 502 1754 suni
524 1689 558 1752 in
577 1687 749 1772 Maeotide,
770 1688 846 1754 inde
869 1690 955 1754 enim
977 1688 1105 1754 videtur

87 1777 387 1843 commodissimum
414 1777 569 1861 inoiper03
599 1798 704 1861 neque
737 1796 848 1842 omnes
877 1781 988 1842 tamen
1017 1778 1104 1842 ineo·

86 1868 214 1952 iunior,
235 1888 311 1930 nam
338 1887 380 1930 ne
406 1866 528 1950 pabula
551 1865 680 1949 quidem
703 1865 795 1950 large
823 1865 940 1929 ieiuna
984 1865 1047 1930 hae
1070 1887 1105 1929 re

87 1955 313 2020 habitantibus
341 1976 417 2020 earo
445 1974 640 2038 magnorum
666 1953 804 2037 piscium
828 1952 896 2018 sole
924 1953 1045 2018 siccata
1072 1958 1106 2018 et

49 2062 75 2102 ro
88 2043 124 2108 in
151 2043 307 2126 pollinem
334 2064 436 2127 nsque
464 2045 599 2107 eoniusa
620 2063 680 2125 pro
708 2041 795 2106 farre
823 2045 881 2107 est.
927 2060 1050 2125 paneae
1074 2045 1106 2108 et
1125 2056 1159 2107 98

88 2132 125 2197 in
147 2131 269 2216 Pond0‚
291 2131 396 2196 Leuoe
419 2131 631 2215 Borysiheuis
655 2131 742 2196 ostio
766 2131 906 2214 obieeta,
928 2152 1029 2214 parva
1052 2129 1108 2195 ad·

88 2219 232 2305 modum,
256 2224 288 2284 et
311 2219 397 2304 quod
419 2220 466 2284 ibi
485 2218 629 2284 thilles
652 2219 735 2284 situs
755 2223 804 2284 esi
821 2219 972 2284 Achillea
990 2238 1106 2304 eogno-

88 2309 188 2374 mine.
223 2330 289 2373 non
307 2309 405 2395 longe
424 2305 591 2373 aOolohis
602 2306 684 2374 Aria
698 2329 780 2392 qnae
794 2306 893 2372 Marii
911 2311 1108 2390 consecrata,

88 2401 127 2462 ui
163 2395 286 2462 fabulis
322 2397 481 2480 traditur,
520 2396 598 2462 tulit
631 2418 705 2461 aves
743 2412 816 2460 eum
854 2416 981 2462 summa
1018 2393 1107 2461 clade

47 2503 75 2545 ss
89 2485 331 2552 advenientium
362 2486 478 2570 pinnas
507 2485 600 2570 quasi
631 2485 696 2549 iola
728 2484 896 2549 iaculahas.
948 2504 1002 2548 sex
1031 2487 1108 2547 sunu

88 2575 177 2640 inter
195 2573 301 2638 Histri
324 2575 423 2639 ostia:
446 2595 487 2640 ex
508 2574 562 2638 his
580 2572 686 2639 Peneo
708 2572 881 2637 notissima
904 2576 937 2636 ei
955 2572 1107 2636 maxima.

89 2662 255 2747 Thynias,
296 2661 585 2747 Mariandynomm
620 2661 743 2726 finibus
777 2682 954 2745 proxuma,
994 2660 1108 2725 urbem

89 2751 206 2835 habos,
244 2772 341 2836 quam
378 2752 455 2835 quia
486 2749 623 2835 Bithyni
658 2749 805 2815 ineolund
836 2748 1015 2834 Bithynida
1052 2748 1106 2814 ad·

89 2839 227 2924 pellani
277 2843 391 2904 eontra
422 2839 598 2904 Thracium
630 2838 837 2922 Bosphorum
869 2838 954 2903 duae
984 2859 1104 2922 parvae
1125 2853 1159 2901 99

50 2945 77 2987 eo
89 2950 258 3012 parvoque
277 2928 436 2993 distantes
456 2927 562 3012 spatio
583 2931 616 2992 eh
634 2926 808 3011 aliquando
827 2926 970 2992 orediiae
989 2926 1107 2991 diotae-

90 3039 152 3102 que
182 3037 372 3082 concurrere
395 3021 429 3082 et
452 3014 601 3102 Cyaneae
629 3019 786 3081 vocantur
809 3018 842 3079 el
864 3013 1108 3100 Symplegades.

164 3197 188 3246 d
207 3189 349 3261 lartesslos
367 3189 400 3244 A
468 3197 492 3247 7.
515 3191 627 3244 melana
648 3190 676 3243 A
699 3189 828 3245 Mallem
850 3190 997 3245 Barbarae
1070 3195 1111 3242 10.

92 3261 210 3316 africam
229 3262 257 3315 A
318 3267 359 3318 10.
380 3268 422 3316 11.
441 3260 617 3331 eupoluriam
630 3261 658 3314 A
718 3267 759 3317 13.
779 3260 866 3330 gades
884 3260 926 3314 A¹
944 3276 1014 3315 corr.
1069 3264 1111 3312 23.

93 3332 183 3388 oholis
202 3335 231 3386 A
250 3330 363 3387 Colchis
381 3332 547 3388 Reioolde'ue
599 3338 641 3387 2⁷.
662 3331 757 3402 cynias
776 3331 804 3385 A
818 3330 943 3398 Thynias
960 3328 1113 3383 Hedones

147 3419 284 3473 proxuma
301 3405 342 3458 eie
359 3404 387 3457 A
450 3409 493 3460 28.
513 3409 555 3459 29.
576 3402 723 3472 adpellant
740 3402 781 3456 A¹
799 3400 947 3471 appellant
964 3398 1005 3454 A¹
1069 3404 1113 3454 29.

92 3473 234 3528 traohium
252 3474 282 3528 A
352 3480 395 3529 31.
415 3473 543 3543 eyanitae
561 3474 590 3528 A
609 3475 736 3542 Cyaneae
754 3491 771 3528 o

149 3573 290 3622 Pomponius
303 3573 371 3614 Mela.
942 3565 963 3611 hs
