2424 3908
316 260 325 276 ,
377 212 558 270 CHCROGR.
576 212 604 266 Π
622 220 639 269 4
658 215 785 284 (60-69)
1041 216 1085 282 43

64 375 272 460 Histonium3
285 376 395 442 Dauni
410 380 519 441 autem
532 374 718 441 Trifernum
733 398 870 456 amnem,
884 374 1085 465 Cliterniam,

64 463 234 549 Larinum,
248 464 394 530 Teanum
409 465 539 550 oppida,
552 467 759 549 montemque
773 463 971 551 Garganum.
994 467 1084 532 sinus
1104 484 1138 533 66

65 556 117 618 est
140 554 295 619 continuo
315 552 425 638 Apulo
443 553 539 618 litore
558 552 721 618 incinctus
738 554 870 619 nomine
888 553 994 638 Urias,
1017 577 1084 620 mo·

64 640 155 706 dicus
184 643 291 727 spatio
320 642 413 726 plera
436 662 477 706 ue
504 661 600 725 asper
623 661 767 726 accessu,
795 646 887 707 extra
911 640 1084 727 Sipontum

36 733 124 794 saut
141 733 181 795 ut
197 729 276 795 Crai
294 731 402 795 dixere
415 663 601 814 (Sipuntem,
620 733 653 794 et
669 730 788 795 flumen
808 731 893 815 quod
908 728 1085 797 Canusium

64 818 240 904 adtingens
263 817 418 883 Aufidum
440 818 621 901 adpellant,
647 822 723 901 post
744 818 879 884 Barium
907 823 941 885 et
963 819 1085 885 Gnatia

65 909 99 971 et
125 905 236 971 Ennio
268 907 338 973 cive
369 906 498 972 nobiles
530 905 669 990 Rudiae,
701 910 734 970 et
765 908 832 971 iam
864 908 900 971 in
932 905 1085 975 Calabria

64 993 293 1079 Brundisium,
323 993 508 1077 Valetium,
538 993 677 1078 Lupiae,
708 994 840 1078 Hydrus
872 1017 983 1080 mons,
1014 1001 1085 1061 tum

64 1080 242 1149 Sallentini
274 1083 390 1168 campi,
409 1086 442 1148 et
469 1080 651 1148 Sallentina
682 1083 782 1148 litora
813 1087 847 1149 et
873 1084 953 1148 urbs
983 1083 1083 1149 Graia

26 1167 245 1255 raCallipolis.
294 1171 459 1256 hucusque
485 1170 624 1254 Hadria,
654 1170 821 1256 hucusque
852 1171 969 1237 Italiae
996 1173 1083 1239 latus
1103 1189 1136 1239 67

64 1259 207 1325 alterum
234 1261 385 1344 pertinet.
430 1259 521 1324 frons
549 1260 619 1324 eius
646 1260 680 1324 in
702 1259 765 1324 duo
795 1260 924 1345 quidem
951 1283 986 1326 se
1014 1283 1083 1327 cor·

62 1370 139 1432 nua,
162 1348 247 1413 sicut
269 1348 537 1433 supradiximus,
559 1348 693 1412 scindit:
719 1353 861 1415 ceterum
885 1371 974 1414 mare
998 1350 1084 1435 quod

63 1436 150 1501 inter
185 1440 323 1521 utraque
359 1437 491 1501 admisit
523 1436 677 1501 tenuibus
712 1438 945 1520 promunturiis
983 1438 1083 1503 semel

64 1524 247 1610 iterumque
272 1525 475 1610 distinguens
497 1547 564 1591 non
586 1546 651 1590 uno
675 1525 824 1610 margine
844 1527 1001 1610 circumit,
1023 1547 1084 1591 neo

27 1630 50 1672 u
64 1612 216 1679 diffusum
251 1618 430 1699 patensque
467 1613 525 1678 sed
560 1634 619 1698 per
655 1614 744 1678 sinus
781 1614 906 1698 recipit.
959 1615 1083 1698 primus
1103 1629 1136 1680 68

63 1700 261 1767 Tarentinus
288 1703 407 1768 dicitur
432 1702 518 1767 inter
548 1703 776 1785 promunturia
803 1700 1020 1768 Sallentinum
1050 1707 1083 1768 et

62 1788 252 1875 Lacinium,
292 1792 327 1855 in
368 1811 470 1875 eoque
512 1794 589 1854 sunt
624 1790 806 1872 Tarentus,
846 1790 1082 1876 Metapontum,

62 1877 237 1963 Heraclea,
260 1876 376 1963 Croto,
405 1878 577 1943 Thurium:
606 1878 762 1943 sccundus
787 1876 970 1962 Scyllaceus
998 1880 1084 1943 inter

26 1965 822 2140 .recurrentur..turturi
853 1971 1083 2120 66111011ῗὲ1

62 2141 261 2228 Zephyrium
286 2148 319 2210 et
339 2143 507 2209 Bruttium
535 2141 761 2229 Consentiam,
789 2142 997 2228 Cauloniam,
1021 2143 1082 2209 Lo·

62 2253 199 2317 crusque
223 2233 410 2298 circumdat
455 2233 490 2297 in
512 2231 645 2298 Bruttio
668 2235 745 2298 sunt
764 2229 924 2298 Columna
946 2232 1082 2318 Rhagia,

60 2319 239 2406 Rhegium,
268 2320 391 2406 Scylla,
419 2321 617 2386 Taurianum
645 2324 679 2385 et
706 2320 900 2386 Metaurum.
944 2322 1021 2387 hinc
1048 2322 1083 2386 in
1102 2336 1135 2386 69

62 2407 206 2474 Tuscum
241 2431 332 2474 mare
367 2411 469 2474 flexus
506 2412 557 2474 est
594 2413 627 2474 et
668 2409 811 2473 eiusdem
847 2412 953 2474 terrae
994 2410 1082 2475 latus

23 2513 49 2557 ro
61 2498 215 2583 alterum,
236 2496 412 2581 Maticana,
434 2497 637 2583 Hipponium
655 2496 793 2582 Vibove,
810 2497 954 2582 Temese,
972 2496 1082 2563 Clam·

60 2587 169 2670 petia,
204 2586 350 2672 Blanda,
385 2585 588 2668 Buxentum,
628 2584 743 2669 Velia,
784 2585 958 2650 Palinurus
1001 2586 1081 2651 olim

60 2674 203 2760 Phrygii
217 2675 445 2760 gubernatoris
464 2696 550 2740 nunc
563 2674 626 2739 loci
640 2695 767 2758 nomen,
780 2672 961 2739 Paestanus
981 2674 1082 2758 sinus,

135 2837 158 2885 1.
173 2829 309 2885 istonium
322 2831 351 2885 A
364 2829 526 2885 Histonium
539 2847 560 2886 oc
614 2829 779 2885 claterniam
792 2831 821 2885 A
835 2830 997 2886 Cliterniam
1011 2847 1027 2886 o

60 2907 87 2956 2.
106 2901 245 2955 lucrinum
268 2903 296 2956 A
319 2901 452 2956 Larinum
475 2918 496 2956 a
566 2909 591 2957 4.
611 2900 753 2971 siponium
775 2901 803 2955 A
822 2900 972 2972 Sipontum
989 2918 1010 2956 a

61 2977 86 3028 5.
107 2970 242 3042 sipyllum
265 2974 293 3027 A
317 2972 464 3043 Sipuntem
487 2974 588 3043 scripsi
659 2977 684 3026 8.
707 2973 792 3043 lupae
816 2973 845 3026 A
867 2971 973 3042 Lupiae
992 2989 1008 3028 o

61 3049 104 3099 1⁵1.
128 3041 266 3098 lacinsum
292 3045 321 3097 A
398 3048 440 3098 18.
469 3044 569 3115 crotcss
583 3044 612 3098 A
666 3042 839 3112 scyllacaeno
866 3043 895 3097 A
918 3042 1080 3111 Scyllaceus

60 3130 77 3168 o
132 3119 176 3168 20.
193 3113 381 3182 scyllacaeum
394 3114 422 3168 A
476 3120 519 3171 21.
533 3115 618 3184 paulo
637 3113 694 3168 iam
708 3113 736 3167 A
750 3113 916 3168 Cauloniam
932 3116 1081 3172 Barbarus

137 3207 181 3257 23.
205 3201 347 3256 taurinum
374 3203 403 3256 A
430 3202 600 3257 Taurianum
617 3188 774 3258 Burburus
850 3209 894 3258 25.
918 3201 1026 3257 ionium
1053 3203 1081 3255 A

59 3271 237 3343 Hipponium
260 3274 415 3329 Pintc’uaus
485 3273 573 3328 vibon
595 3273 695 3328 eternis
718 3273 889 3343 aclampetia
910 3273 938 3327 A
961 3272 1080 3338 Vibone,

60 3344 178 3411 Temsa,
200 3344 281 3399 Clam
302 3343 360 3398 etia
376 3345 503 3400 Bursian
521 3344 650 3412 (Temese
672 3346 780 3414 scripse)
853 3350 896 3398 26.
915 3342 1022 3398 blunda
1039 3342 1080 3395 A¹

60 3413 186 3492 ablunda
198 3414 240 3469 A¹
253 3362 363 3470 Bidana
375 3433 396 3471 a
447 3414 610 3470 buxentium
623 3414 665 3467 A¹
679 3431 747 3471 corr.
762 3415 919 3469 Buxentum
933 3414 1081 3469 Burburus

134 3491 177 3540 27.
196 3487 344 3555 prestanus
363 3486 391 3539 A
404 3485 556 3542 Paestanus
571 3503 587 3540 c
