2424 3908
117 176 161 240 34
463 173 644 230 POMPONII
660 173 788 229 MELAE

117 342 168 403 est
191 342 224 403 et
245 338 337 424 regio
361 337 396 402 in
419 359 482 422 qua
499 337 674 403 Persarum
697 337 858 403 exercitus
879 337 1000 402 divisas
1025 336 1129 420 spatio

116 428 298 511 pelagoque
317 430 422 492 terras
442 448 539 492 ausus
557 425 711 510 pontibus
730 427 874 512 iungere,
895 426 1016 491 mirum
1034 429 1129 509 atque

116 516 232 599 ingens
261 515 403 598 facinus,
434 536 474 579 ex
501 514 584 579 Asia
610 515 644 579 in
672 513 844 580 Graeciam
873 514 972 598 pedes
1001 517 1036 579 et
1066 534 1130 578 non

115 604 274 687 navigata
295 603 399 668 maria
421 605 646 688 transgressus
671 607 735 686 ert3
760 607 837 668 sunt
858 602 1035 669 Protesilai
1058 622 1131 666 ossa

117 695 306 758 consecrata
319 691 468 774 delubr03
488 694 538 756 est
552 694 586 756 et
602 694 718 775 portus
733 688 860 778 Coelos,
876 689 1151 756 Atheniensibusc
1173 752 1175 757 .

117 786 150 846 et
172 779 435 845 Lacedaemoniis
458 780 569 844 navali
592 780 660 845 acie
684 779 930 845 decernentibus
952 777 1130 844 Laconicae
1172 776 1175 785 '

116 869 230 934 classis
264 869 412 954 signatus
445 869 583 953 excidi03
620 872 671 933 est
703 865 811 952 Cynos
845 889 950 952 sema,
985 867 1130 933 tumulus

115 957 282 1042 Hecubae,
311 957 380 1022 sive
403 979 442 1022 ex
464 957 568 1043 figura
592 957 681 1022 oanis
704 957 739 1021 in
762 978 860 1041 quam
888 977 1049 1021 conversa
1069 958 1131 1020 tra·

116 1046 216 1131 ditur,
244 1047 313 1113 sive
336 1068 375 1111 ex
397 1046 530 1112 fortuna
552 1046 587 1110 in
610 1067 708 1130 quam
732 1045 908 1129 deciderat,
934 1044 1055 1109 humili
1076 1064 1129 1108 no

116 1135 203 1199 mine
222 1138 371 1217 accepte,
390 1138 440 1199 est
453 1134 617 1218 Madytos,
635 1136 687 1199 est
698 1132 798 1199 Eleus
818 1155 901 1218 quae
918 1132 993 1198 finit
1005 1131 1160 1198 Hellesu

64 1237 96 1288 rr
115 1225 262 1306 pontum.
306 1221 474 1306 Aegaeum
497 1223 609 1288 statim
628 1223 765 1307 pelagus
787 1226 880 1287 vaste
898 1223 1035 1307 longum
1053 1220 1130 1286 litus

115 1310 260 1394 inpellit,
291 1314 534 1394 summotasque
560 1315 666 1375 terras
698 1309 775 1374 hinc
803 1310 844 1375 ad
870 1309 1131 1394 promunturium

116 1399 201 1484 quod
221 1397 358 1463 Sunium
380 1402 515 1463 vocetur
531 1419 653 1484 magno
672 1398 798 1464 ambitu
820 1399 976 1482 mollique
1000 1398 1131 1463 circum·

116 1488 195 1572 agit.
255 1487 324 1552 aius
360 1490 503 1552 tractum
542 1487 728 1571 legentibus
764 1487 1009 1570 praevectisque
1047 1485 1130 1552 Mae·

114 1576 235 1641 tusiam
264 1576 353 1640 sinus
380 1575 552 1640 intrandus
581 1580 631 1640 est
663 1575 719 1659 qui
748 1576 887 1641 alterum
914 1573 1161 1641 Chersonensiu

115 1665 201 1728 latus
225 1663 359 1729 adluens
382 1664 460 1748 iugo
483 1663 568 1728 facie
590 1664 687 1729 uallis
708 1663 892 1748 includitur,
915 1667 1009 1728 etex
1032 1663 1130 1729 fluvio

116 1773 212 1836 quem
244 1751 363 1836 accipit
394 1751 497 1817 Melas
530 1751 634 1817 dictus
667 1751 747 1818 duas
779 1752 875 1818 urbes
913 1751 1131 1837 amplectitur,

114 1842 399 1925 Alopeconensum
423 1844 456 1906 et
478 1841 513 1905 in
536 1843 638 1906 altero
660 1840 778 1907 Isthmi
804 1841 901 1906 litore
926 1841 1023 1906 sitam
1050 1837 1130 1905 Oar-

62 1946 96 1996 28
115 1929 212 1995 diam.
258 1929 377 1994 eximia
405 1933 456 1994 est
477 1929 587 1995 Aenos
616 1930 657 1995 ab
685 1928 797 1995 Aenea
823 1929 964 2014 profugo
992 1927 1131 1994 condita

115 2019 201 2083 circa
231 2016 378 2098 Hebrum
407 2016 555 2102 Cicones,
586 2021 677 2083 trans
710 2017 847 2083 eundem
873 2016 1044 2102 Doriscos,
1075 2018 1164 2084 ubia

114 2104 242 2169 Xerxen
270 2104 379 2188 copies
407 2127 483 2170 suas
512 2107 589 2190 quia
614 2127 751 2172 numero
774 2125 840 2170 non
862 2110 994 2191 poterat
1023 2107 1131 2190 spatio

114 2214 262 2257 mensum
303 2193 421 2258 ferunt.
482 2193 556 2258 dein
592 2195 851 2278 promunturium
889 2193 1059 2280 Serrhion,
1101 2198 1133 2261 et

115 2303 178 2364 quo
203 2283 371 2345 canentem
394 2279 524 2365 Orphea
546 2285 656 2363 secuta
678 2287 853 2348 narrantur
878 2284 976 2349 etiarn
998 2304 1133 2350 nemora

115 2369 211 2435 Zone.
265 2373 336 2434 tum
369 2367 508 2436 Sthenos
541 2371 671 2454 flodus,
702 2375 735 2437 et
765 2371 846 2456 ripis
879 2371 948 2436 eius
981 2371 1131 2438 adiacens

61 2476 95 2525 29
114 2457 272 2524 Maronia.
323 2459 415 2544 regio
447 2459 582 2526 ulterior
611 2457 792 2526 Diomeden
823 2460 915 2544 tulit,
947 2460 1131 2527 inmanibus
1144 2475 1167 2519 2⁶

115 2548 206 2631 equis
230 2547 427 2613 mandendos
451 2548 583 2614 solitum
606 2548 771 2615 obiectare
795 2548 936 2615 advenas
961 2552 994 2613 et
1016 2548 1133 2616 iisdem

115 2636 155 2700 ab
179 2634 320 2700 Hercule
343 2636 516 2703 obiectum.
562 2636 674 2702 Turris
698 2659 795 2722 quam
817 2635 986 2702 Diomedis
1015 2641 1133 2703 vocant

185 2795 208 2844 1.
224 2805 308 2858 quam
322 2790 351 2844 A
364 2807 420 2858 qua
432 2809 453 2846 a
506 2801 531 2847 4.
546 2791 714 2863 prothesilai
727 2793 755 2846 A
805 2799 829 2848 5.
845 2793 973 2847 scaeolos
987 2793 1016 2846 A
1031 2793 1131 2848 Coelos

114 2860 261 2916 Barbarae
324 2867 349 2914 6.
368 2861 587 2918 lacaedemoniis
605 2863 634 2918 A
693 2871 716 2919 7.
737 2879 905 2932 cynosaema
922 2864 950 2916 A
1012 2869 1055 2919 10.
1072 2881 1132 2918 ma-

112 2931 198 2999 cydos
212 2931 240 2984 A
253 2929 383 3000 Madytos
397 2949 418 2987 a
455 2939 496 2990 11.
511 2950 526 2988 e
547 2949 629 2988 acum
642 2933 670 2988 A
707 2940 748 2988 13.
766 2940 806 2990 14.
827 2933 1015 3005 circumagitss
1022 2935 1050 2989 A
1064 2937 1132 3003 (fuit

110 3005 153 3071 ur)
192 3007 287 3056 14.15.
301 3001 514 3057 messurianoA
575 3004 692 3058 stusiam
705 3004 851 3061 Burburus
889 3010 930 3059 15.
946 3004 1132 3060 chersonenso

111 3072 139 3124 A
158 3071 343 3126 Chersonensi
365 3074 492 3130 Boreion
562 3081 603 3132 16.
628 3074 744 3129 abluens
767 3075 796 3129 A
818 3074 934 3129 adluens
952 3093 973 3131 a
1026 3075 1131 3162 phaeie

111 3160 139 3214 A
156 3159 229 3214 facie
247 3178 264 3215 e
341 3167 383 3216 18.
397 3161 635 3232 elopoconensum
648 3163 676 3218 A
689 3162 933 3234 Alopeconensum
946 3164 1074 3220 Beretum

110 3230 208 3286 isthim
225 3231 254 3286 A
307 3231 400 3287 litoris
418 3234 446 3287 A
463 3233 546 3288 litore
564 3235 648 3290 editio
666 3253 692 3290 a.
710 3240 783 3290 1499
801 3235 921 3291 Veneriis
939 3237 1075 3304 iurprceea

182 3309 224 3358 20.
248 3302 384 3359 haebrum
406 3304 433 3357 A
506 3311 548 3358 21.
567 3321 667 3359 xersen
685 3305 713 3359 A
730 3304 841 3360 Xerxen
863 3306 1012 3362 Tasobacte
1084 3312 1131 3363 22.

111 3372 254 3498 lefipffiff'g‘
267 3375 296 3428 A
300 3374 442 3501 {pnhion
456 3375 583 3431 Bursian
636 3376 760 3446 orphaea
773 3377 801 3431 A
856 3383 899 3434 25.
913 3375 1074 3432 inmanibus
1087 3377 1131 3430 A¹

110 3459 227 3498 mimam
247 3462 280 3499 us
