2424 3908
353 191 536 251 caenosa.
555 194 582 248 11
601 199 625 250 ι.
645 201 662 251 e
681 150 808 265 (ic-sc)
1039 194 1082 259 47

65 352 186 420 Portus
214 355 353 421 Veneris
381 362 432 423 est
459 358 527 423 sine
556 358 625 423 salo
654 361 687 423 ct
711 353 866 422 Cervaria
891 358 982 423 locus
1010 358 1086 425 Gal·

66 444 132 509 liae
154 443 342 616 {limnaeus
368 534 475 635 primo
503 533 617 600 hinc
607 557 642 599 ιιι
669 533 894 600 Britannicum
921 513 1137 640 procurritss5

65 641 239 705 oceanum3
267 623 375 687 tum'
365 643 400 686 ιιι
427 626 531 688 terras
559 622 666 688 fronte
690 644 863 688 conversus
890 590 1137 707 Hispaniam85

37 709 240 795 cinnumpit,
268 714 302 775 et
327 711 453 776 minore
480 713 572 795 parte
600 711 734 776 eiusad
761 710 838 776 dext
823 715 929 776 teram
955 713 1085 778 exclusa

63 797 170 862 trahit
196 803 313 900 perpet
314 820 356 864 ua
382 800 485 864 latera
513 800 700 902 continuus,
731 799 835 902 donec
864 822 923 884 per
955 821 1085 866 omnem

63 886 268 988 provinciam
295 887 395 973 longo
426 887 568 952 limite
558 888 781 953 mmissusm
807 909 846 952 ea
874 888 975 954 litora
1001 910 1084 990 quae

65 974 226 1040 occidenti
198 978 327 1040 tsunt
350 975 486 1041 adversa
511 977 688 1060 perveniat
721 977 807 1077 'ipsa
828 975 990 1059 Hispania
1015 976 1080 1041 nisi
1103 993 1137 1043 86

65 1085 130 1147 qua
149 1062 276 1128 Gallias
295 1065 404 1148 tangit
420 1065 539 1150 pelago
557 1064 728 1148 undique
718 1065 840 1130 rncinct
841 1086 870 1150 a,
825 1068 921 1130 tet
938 1064 995 1130 ubi
1013 1065 1081 1130 illis

27 1168 51 1209 ιο
65 1151 222 1217 adhaeret
243 1153 384 1218 maxime
407 1156 548 1238 angusta
569 1152 731 1237 paulatim
754 1173 788 1217 se
811 1153 847 1217 in
869 1153 1029 1219 Nostrum
1052 1157 1085 1218 et

64 1261 224 1306 oceanum
247 1262 337 1305 mare
361 1240 519 1323 extendit,
542 1242 712 1326 magisque
735 1245 769 1307 et
791 1242 896 1327 magis
921 1242 1020 1307 latior
1043 1242 1083 1306 ad

65 1328 267 1394 occidentem
291 1329 361 1394 abit
384 1351 421 1395 ac
443 1329 482 1393 fit
504 1330 552 1394 ibi
574 1330 749 1413 latissima,
775 1330 855 1394 viris
882 1331 973 1415 equis
996 1330 1083 1397 ferro

64 1417 201 1501 plumbo
220 1439 294 1483 aare
313 1421 450 1504 argento
471 1439 613 1502 auroque
632 1419 732 1484 etiarn
752 1417 931 1502 abundans,
949 1423 983 1483 et
1001 1419 1083 1484 adeo

40 1561 43 1564 .
64 1504 184 1570 fertilis
207 1509 245 1570 nt
273 1506 377 1572 sicubi
400 1506 442 1572 ob
470 1507 639 1591 penuriam
667 1528 824 1591 aquarum
853 1507 949 1572 effeta
972 1529 1010 1572 ac
1033 1508 1084 1572 sui

27 1610 51 1651 ιι
64 1593 238 1659 dissimilis
260 1598 320 1678 est,
342 1595 447 1659 linum
469 1599 582 1660 tamen
604 1598 661 1660 aut
684 1598 832 1679 spartum
854 1594 931 1660 alat
976 1595 1135 1664 triburas

63 1686 174 1747 autem
198 1685 248 1748 est
270 1682 425 1748 distincta
445 1683 647 1767 nominibus,
674 1705 815 1768 parsque
838 1683 906 1748 eius
929 1684 1083 1750 Tarraco-

61 1772 183 1924 llll?
200 1771 1083 1944 pallis?llllapbbllllliltt'oellllala'iill'

62 1948 254 2032 taniamque
283 1949 474 2035 contingens
497 1949 582 2014 mari
609 1948 714 2013 latera
742 1948 845 2014 obicit
866 1946 989 2014 Nostro
1019 1970 1084 2032 qua

25 2055 49 2096 ιο
62 2036 247 2117 meridiem,
280 2059 345 2122 qua
378 2037 632 2122 septentrionem
664 2039 791 2120 spectat
822 2057 952 2103 oceano.
1006 2037 1081 2102 illas

61 2125 182 2190 fluvius
206 2125 297 2191 Anas
325 2129 469 2210 separat,
497 2130 531 2191 et
557 2125 630 2191 ideo
653 2123 788 2191 Baetica
814 2126 918 2191 maria
944 2128 1081 2211 utraque

61 2213 238 2298 prospicit,
276 2214 317 2279 ad
349 2214 548 2280 occidentem
580 2213 800 2294 Atlanticum,
837 2214 877 2279 ad
912 2215 1082 2279 meridiem

60 2300 232 2368 Nostrum.
277 2301 447 2369 Lusitania
469 2324 590 2369 oceano
613 2302 842 2368 tantummodo
871 2303 999 2369 obiecta
1022 2307 1080 2387 est,

61 2389 120 2456 sed
135 2390 238 2456 latere
256 2391 297 2455 ad
313 2392 561 2477 septentriones,
578 2391 685 2457 fronte
705 2391 746 2456 ad
766 2413 925 2457 occasum.
953 2391 1082 2456 urbium
1100 2409 1135 2460 88

18 2495 46 2536 ιι
61 2479 103 2543 de
130 2479 376 2546 mediterraneis
407 2481 442 2544 in
465 2479 700 2545 Tamaconensi
723 2480 922 2544 clarissimae
950 2481 1083 2545 fuerunt

59 2567 215 2632 Palantia
246 2571 280 2634 et
310 2568 504 2652 Numantia,
538 2589 625 2633 nnnc
657 2572 708 2632 est
741 2565 1013 2653 Caesaraugusta
1046 2569 1082 2632 in

59 2654 234 2721 Lusitania
260 2656 421 2741 Emerita,
448 2658 483 2722 in
509 2654 644 2721 Baetica
669 2655 816 2741 Hastigi,
843 2655 975 2741 Hispal,
1003 2653 1081 2722 Ocr-

61 2743 159 2809 duba.
214 2748 250 2809 at
281 2746 310 2810 si
341 2745 441 2810 litora
471 2745 577 2831 legas,
614 2766 634 2809 a
666 2741 820 2811 Cervaria
851 2746 1000 2830 proxima
1031 2749 1082 2810 est
1099 2763 1133 2814 89

16 2936 46 2978 ..
60 2853 270 2987 illilnqll
289 2834 461 2988 tall?
484 2833 688 2988 {iffi
713 2834 971 3005 :ltltttl
994 2832 1082 2986 llll

445 2973 454 3005 ι
965 2971 973 3000 2

60 3030 157 3076 mons
184 3009 286 3096 Iovis,
317 3011 408 3077 cuius
439 3014 568 3096 partem
601 3010 761 3076 occidenti
790 3009 974 3094 adversam,
1007 3011 1082 3074 emi-

59 3098 175 3164 nentia
208 3099 351 3165 cautium
380 3121 463 3184 quae
494 3100 581 3165 inter
608 3099 726 3184 exigua
758 3099 863 3184 spatia
891 3102 928 3164 ut
960 3098 1080 3184 gredau

136 3253 247 3309 tainu
271 3255 345 3310 salso
368 3257 397 3310 A
421 3255 481 3310 sine
509 3255 569 3309 salo
592 3256 692 3336 scripsi
768 3261 793 3310 3.
819 3254 850 3309 in
878 3255 941 3310 add.
969 3253 1011 3307 Α8

60 3295 255 3380 brettanicum
271 3327 314 3382 A¹
331 3325 515 3381 brittanicum
533 3325 575 3381 A⁸
635 3332 661 3381 ὃ.
680 3325 772 3380 inrum
771 3325 876 3397 pitA¹
893 3323 1024 3393 irrumpit
1040 3322 1082 3377 A²

120 3402 164 3452 30.
184 3396 330 3477 emporiall
345 3399 373 3452 A
393 3399 460 3466 (fait
479 3400 503 3466 s)
563 3402 606 3452 31.
626 3396 702 3466 parti
720 3397 748 3450 A
767 3344 878 3467 partem
896 3413 917 3451 x
975 3402 1019 3454 31
1037 3400 1081 3450 32.

61 3465 245 3522 eminentiam
263 3469 292 3522 A
364 3467 453 3538 gradu
471 3469 499 3524 A
