2424 3908
145 209 188 276 38
493 208 673 265 POMPONII
690 208 816 264 MELAE

145 373 244 438 etiam
276 395 368 456 num,
401 371 636 456 delubrumque
668 370 814 455 Olympii
845 371 948 450 Iovis,
985 372 1160 437 certamine

143 462 296 548 gymnico
325 465 357 526 et
385 460 547 544 singulari
574 459 763 543 sanctitate,
791 459 863 543 ipso
892 459 1022 544 quidem
1049 463 1161 526 tamen

122 551 316 616 'simulacro
359 548 443 634 quod
479 547 614 614 Phidiae
651 569 731 632 opus
774 552 824 613 est
860 549 1001 612 maxime
1041 548 1160 614 nobile

89 654 124 705 43
143 639 317 705 Arcadiam
344 636 638 722 Peloponnesiacae
671 640 784 721 gentes
812 636 952 720 undique
981 636 1160 723 incingunt

142 727 179 791 in
201 749 240 793 ea
263 730 340 792 sunt
362 725 459 791 urbes
483 724 636 809 Psophis,
658 723 782 808 Tegea,
809 722 1045 809 Orchomenos,
1073 742 1181 792 mon-⁶

142 819 194 881 tes
216 815 354 899 Pholoe,
382 813 563 898 Cyllenius,
585 812 794 891 Parthenius,
816 811 999 896 Maenalus,
1025 813 1160 880 flumina

142 903 368 989 Erymanthus
406 907 439 968 et
470 901 600 986 Ladon,
640 902 676 965 in
711 899 846 966 Aetolia
877 898 1088 986 Naupactos,
1128 903 1160 968 in

142 992 327 1058 Acarnania
355 991 485 1058 Stratos
513 991 645 1074 oppida,
676 990 712 1055 in
738 989 840 1073 Epiro
868 988 1039 1056 Dodonaei
1072 991 1158 1057 Iovis

143 1081 317 1164 templum,
344 1084 376 1144 et
402 1079 476 1144 fons
504 1079 577 1144 ideo
606 1100 710 1162 sacer,
737 1078 823 1161 quod
850 1099 924 1143 cum
952 1079 997 1144 sit
1021 1078 1158 1166 frigidus

144 1173 177 1234 et
200 1168 360 1232 inmersas
377 1167 466 1233 faces
489 1167 573 1232 sicut
595 1166 694 1233 ceteri
712 1167 893 1252 extinguat,
915 1167 972 1232 uhi
994 1167 1066 1247 sine
1085 1168 1159 1254 igne
1170 1184 1191 1225 1⁰

90 1271 126 1322 44
143 1257 257 1341 procul
281 1256 494 1321 admoventur
522 1254 679 1321 adcendit.
725 1258 760 1320 at
783 1276 856 1319 cum
883 1255 982 1321 litora
1006 1256 1160 1342 leguntur

144 1369 164 1410 a
195 1344 421 1430 promunturio
454 1342 591 1428 Sepiade
623 1364 681 1427 per
707 1343 898 1409 Demetrion
931 1347 964 1409 et
990 1342 1102 1410 Halon
1128 1349 1160 1410 et

142 1432 279 1499 Pteleon
303 1437 336 1498 et
357 1433 508 1498 Echinon
536 1430 577 1496 ad
599 1430 802 1516 Pagasaeum
830 1431 937 1498 sinum
965 1454 1079 1499 cursus
1102 1437 1161 1500 est

143 1522 198 1587 ille
224 1522 339 1587 urbem
365 1521 516 1606 Pagasan
544 1520 710 1604 amplexus
741 1542 869 1585 amnem
897 1519 1078 1604 Sperchion
1109 1544 1161 1589 ac·

144 1611 238 1694 cipit,
270 1614 303 1675 et
332 1609 409 1694 quia
436 1607 566 1693 Minyae
596 1607 752 1674 Colchida
784 1612 931 1694 petentes
964 1611 1039 1676 inde
1068 1610 1192 1696 Argon

89 1713 124 1763 45
143 1720 260 1763 navem
283 1699 410 1764 solvere
430 1700 635 1763 memoratur.
681 1698 724 1762 ab
746 1719 784 1762 ec
808 1698 849 1763 ad
868 1697 1004 1764 Sunium
1026 1699 1160 1764 tenden-

144 1788 232 1853 tibus
250 1787 309 1852 illa
323 1786 600 1873 praenaviganda:
618 1784 776 1852 Maliacus
796 1791 829 1851 et
842 1786 1004 1870 Opuntius
1020 1787 1159 1872 grandes

146 1875 250 1960 sinus,
283 1880 317 1942 et
349 1878 384 1942 in
414 1876 467 1941 his
500 1896 667 1941 caesorum
700 1875 799 1941 etiam
826 1874 993 1941 Laeonum
1024 1879 1161 1961 tropaea

143 1964 396 2049 Thermopylae,
420 1962 540 2048 Opoes,
564 1961 723 2049 Scarpha,
746 1961 926 2050 Onemides,
948 1963 1070 2048 Alope,
1094 1965 1160 2031 An·

142 2053 278 2136 thedon,
309 2052 506 2134 Larumnae,
532 2052 642 2138 Aulia,
668 2052 947 2136 Agamemnoniae
975 2052 1193 2120 Graiorum-¹⁸

144 2162 206 2227 qus
230 2140 344 2205 classis
367 2141 402 2205 in
424 2139 556 2205 Troiam
579 2141 818 2207 coniurantium
843 2141 956 2226 statio,
984 2141 1161 2210 Marathon

143 2247 337 2313 magnarum
365 2228 605 2313 multarumque
628 2229 799 2294 virtutium
827 2230 922 2294 testis
946 2231 1013 2295 iam
1040 2231 1117 2296 inde
1141 2255 1161 2298 a

89 2331 124 2382 46
142 2315 286 2401 Theseo,
321 2315 454 2382 Persica
484 2317 624 2381 maxime
661 2317 752 2383 clade
784 2322 956 2402 pemotu13
988 2318 1160 2386 Rhamnns

141 2427 258 2491 parva,
289 2405 437 2472 inlustris
464 2408 589 2491 tamen,
617 2406 703 2490 quod
729 2407 765 2471 in
795 2428 833 2471 ea
860 2406 972 2472 fanum
1000 2411 1051 2472 est
1079 2407 1161 2474 Am-

140 2495 269 2579 phiarai
297 2497 329 2559 et
351 2494 508 2561 Phidiaca
534 2494 699 2578 Nemesim
728 2495 886 2561 Thoricos
914 2500 948 2560 et
974 2496 1196 2565 Brauronia*

142 2583 222 2648 olim
254 2583 351 2649 urbes
383 2584 450 2649 iam
480 2587 612 2649 tantum
642 2583 786 2660 nomina.
836 2581 972 2650 Sunium
1004 2606 1161 2670 promun-

141 2671 264 2735 turium
296 2675 358 2754 est,
390 2671 527 2757 finitque
559 2673 592 2737 id
622 2672 700 2738 litus
728 2671 886 2738 Hellados
914 2671 1000 2758 quod
1032 2679 1160 2758 spectat

214 2849 238 2896 1.
259 2841 410 2896 certamine
428 2842 471 2896 A¹
493 2859 562 2899 ocur.
634 2851 659 2902 5.
679 2845 756 2900 tenia
773 2846 801 2900 A
820 2846 915 2916 Tegea
934 2846 1089 2901 Pintiaoas

141 2920 165 2970 6.
186 2913 313 2982 cyllenus
331 2912 359 2966 A
378 2911 553 2982 Cylleninsn
627 2922 650 2970 7.
669 2917 809 2986 naupacto
823 2916 852 2971 A
907 2922 952 2972 10.·
967 2915 1104 2971 inmersas
1118 2916 1161 2971 A¹

140 2983 285 3038 immersas
295 2982 335 3038 A*
390 2989 432 3039 11.
446 2983 629 3039 adcenditA¹
643 2986 773 3041 accendit
782 2986 822 3041 A²
873 2993 915 3044 12.
925 3003 943 3040 a
955 2994 1161 3058 111110111-

139 3055 214 3109 turio
243 3055 307 3110 odd.
336 3053 376 3108 A²
452 3055 608 3110 demetrian
636 3056 664 3110 A
689 3056 853 3112 Demetrion
883 3059 997 3114 Vossius
1072 3057 1161 3113 halon

138 3124 167 3178 A
185 3124 278 3179 Halon
295 3141 316 3180 a
377 3130 418 3180 15.
439 3126 569 3181 chalcida
587 3127 615 3181 A
676 3134 717 3184 16.
735 3131 926 3184 memorantur
943 3128 971 3183 A
988 3132 1161 3184 memoratur

138 3213 155 3252 v
211 3202 254 3252 17.
272 3194 419 3249 malliacus
433 3195 462 3250 A
517 3202 558 3254 18.
577 3201 677 3268 tropea
695 3198 723 3253 A
783 3206 824 3255 19.
842 3199 1058 3270 thermophylae
1077 3200 1105 3254 A

139 3283 220 3322 oroes
233 3266 263 3321 A
276 3265 369 3337 Opoes
382 3266 529 3323 Barbarus
583 3269 728 3339 carphaA
743 3269 867 3340 Scarpha
884 3271 995 3327 Vossius
1051 3276 1093 3326 19.
1113 3277 1157 3327 20.

139 3337 304 3393 antedonA
375 3343 419 3393 22.
439 3338 586 3394 virtutium
604 3341 644 3395 stc
657 3339 685 3394 A
758 3347 800 3397 28.
819 3342 935 3397 thesaeo
949 3341 978 3396 A
1033 3341 1158 3397 thamnia

139 3407 168 3461 A
190 3408 334 3463 Rhamnns
357 3408 504 3465 Barbaros
580 3415 624 3465 24.
647 3409 773 3465 inlustris
796 3411 838 3466 A¹
858 3412 977 3468 illustris
1001 3411 1041 3467 A*
1113 3418 1158 3468 25.

139 3478 271 3548 phoricos
286 3479 314 3533 A
328 3479 465 3535 Thoricos
479 3480 625 3537 Barbarus
673 3480 811 3538 hemonia
823 3482 852 3537 A
870 3483 1025 3538 Brauronia
1044 3484 1169 3540 Vossius·
