2424 3908
157 282 200 350 28
505 282 682 340 POMPOMII
699 280 826 339 MELAE

122 450 234 512 arunt
256 447 368 514 infesti
391 445 636 531 attingentibus.
681 444 851 511 hominum
879 443 976 529 primi
999 448 1078 510 sunt
1099 441 1176 528 Scy·

156 534 248 620 thas,
275 532 535 620 Scytharumque
562 533 634 617 quie
661 533 782 617 singuli
810 533 895 597 oculi
925 554 995 598 esse
1022 532 1175 597 dicuntur

156 621 359 708 Arimaspoe,
378 622 419 688 ab
438 623 484 687 eis
497 619 682 687 Essedones
695 642 798 705 usque
817 620 858 686 ad
871 619 1045 686 Maeotida.
1076 619 1174 685 huius

157 709 274 776 flexum
298 708 402 776 Buces
425 710 531 775 amnis
555 712 653 774 secat
699 708 880 793 Agathyrsi
905 713 939 773 et
960 707 1175 774 Sauromatae

157 797 321 882 ambiunt3
344 799 421 882 quia
438 818 497 882 pro
517 796 648 862 sedibus
666 797 816 881 plaustra
833 797 959 861 habent
976 797 1057 861 dicti
1075 795 1199 861 Ama-⁸

157 885 281 951 xobioe.
327 886 460 969 obliqua
483 889 562 951 tunc
584 883 625 950 ad
647 883 855 968 Bosphorum
878 885 976 970 plaga
1002 905 1174 950 excurrens

121 972 263 1039 ePonto
287 994 325 1039 ac
346 972 510 1039 Maeotide
532 972 718 1038 includitur.
763 973 799 1037 in
821 972 977 1038 Paludem
1004 973 1176 1056 vergentia

158 1058 335 1127 Satarchae
366 1064 493 1145 tenent,
524 1062 560 1125 in
590 1059 797 1144 Bosphorum
830 1059 1024 1126 Cimmerion
1055 1060 1175 1144 oppida

156 1147 372 1235 Murmecion,
399 1148 654 1233 Panticapaeon,
676 1148 874 1225 Theodosia,
895 1148 1114 1233 Hermisium,
1140 1149 1174 1212 in

156 1236 321 1303 Euxinum
343 1258 433 1302 mare
451 1237 588 1302 Taurici.
634 1257 732 1320 super
755 1257 810 1301 eos
829 1237 919 1300 sinus
941 1241 1121 1320 portuosus
1143 1241 1205 1300 scs

156 1323 229 1389 ideo
253 1323 351 1391 Calos
379 1325 480 1390 limen
503 1325 687 1409 appellatus
714 1325 948 1408 promunturiis
976 1324 1105 1390 duobus
1127 1325 1173 1388 in·

156 1412 306 1478 cluditur.
356 1413 497 1479 alterum
525 1410 603 1477 Criu
633 1416 788 1495 metopon
819 1419 951 1496 vocant,
979 1410 1172 1478 Carambico

156 1500 243 1584 quod
271 1502 306 1566 in
333 1500 414 1566 Asia
442 1500 584 1565 diximus
611 1521 671 1584 par
699 1503 733 1564 et
760 1500 945 1585 adversum,
972 1499 1172 1565 Parthenion

155 1588 306 1655 alterum.
351 1588 505 1673 oppidum
533 1588 660 1653 adiacet
681 1586 920 1677 Cherronesus,
949 1611 968 1654 a
993 1587 1120 1673 Diana,
1145 1588 1173 1653 si

155 1676 311 1760 ereditur,
338 1676 517 1759 conditum,
545 1679 579 1740 et
599 1676 786 1760 nymphaeo
810 1699 908 1762 specu
931 1677 1017 1760 quod
1042 1677 1079 1741 in
1102 1688 1201 1741 arce!

119 1763 226 1828 eeius
254 1765 407 1848 nymphis
440 1767 602 1830 sacratum
635 1769 685 1828 est
716 1765 856 1828 maxime
886 1765 1034 1829 inlustre.
1085 1764 1172 1829 subit

156 1854 227 1915 tum
250 1853 356 1936 ripam
378 1873 483 1936 mare,
510 1856 544 1917 et
571 1851 674 1917 donec
696 1853 837 1936 quinque
864 1853 993 1917 milium
1018 1873 1171 1936 passuum

158 1940 265 2022 spatio
289 1939 416 2005 absita
433 1939 605 2024 Maeotide,
627 1939 824 2025 refugientia
846 1963 948 2025 usque
971 1940 1171 2024 subsequens

156 2026 265 2111 litora,
284 2049 382 2111 quern
397 2026 574 2093 Satarchae
592 2033 626 2092 et
640 2026 771 2092 Taurici
784 2033 897 2093 tenent
909 2050 1013 2112 paene
1030 2029 1171 2093 insulam

154 2114 269 2180 reddit
319 2116 405 2199 quod
437 2116 523 2180 inter
549 2114 706 2180 Paludem
738 2122 772 2180 et
804 2117 911 2181 sinum
942 2123 994 2181 eet
1020 2116 1199 2201 Taphrae!

154 2204 374 2287 nominantur,
397 2203 487 2268 sinus
506 2202 696 2268 Carcinites.
740 2204 776 2267 in
798 2225 837 2268 eo
856 2205 934 2269 urbs
957 2209 1008 2268 est
1025 2203 1171 2287 Carcine,

155 2311 253 2373 quam
284 2290 348 2355 duo
379 2290 514 2356 flumina
545 2289 689 2355 Gerrhos
725 2297 760 2355 et
790 2292 955 2375 Ypacares
986 2314 1054 2357 uno
1086 2293 1171 2358 ostio

154 2377 322 2443 effluentia
339 2378 522 2462 adtingunt,
539 2400 651 2443 verum
670 2378 806 2444 divexus
824 2381 970 2445 fontibus
988 2385 1024 2445 et
1040 2380 1170 2446 aliunde

154 2464 290 2549 delapsi.
338 2487 416 2531 nam
443 2465 587 2532 Gerrhos
619 2467 704 2530 inter
734 2466 898 2532 Basilidas
930 2473 964 2532 et
994 2467 1171 2551 Nomadas,

119 2568 137 2617 c
160 2552 315 2637 Ypacares
335 2574 395 2637 per
417 2556 579 2620 It'oaradas
606 2555 777 2620 evolvitur.
822 2557 925 2620 silvae
951 2557 1068 2621 deinde
1095 2560 1200 2623 sunt!

152 2662 234 2725 quas
262 2643 423 2708 maximas
448 2643 512 2708 hae
539 2648 647 2707 terrae
674 2642 796 2727 ferunt,
827 2650 862 2708 et
889 2643 1087 2728 Panticapes
1118 2644 1171 2730 qui

152 2728 320 2795 Nomadas
346 2730 560 2817 Georgosque
587 2729 802 2797 disterminat
851 2737 942 2797 terra
970 2737 1045 2797 tum
1072 2734 1171 2819 longe

153 2816 298 2883 distenta
323 2820 413 2885 tenui
439 2818 548 2884 radice
575 2819 664 2883 litori
698 2819 896 2905 adnectitur,
921 2827 999 2904 post
1024 2822 1172 2905 epafiosa

221 3048 248 3097 8.
267 3042 456 3113 arimampsae
474 3042 503 3096 A
515 3042 671 3113 Armaspoe
690 3045 720 3100 J.
736 3044 892 3101 Greaorias
964 3053 989 3101 7.
1006 3045 1133 3103 includit
1143 3046 1172 3101 A

149 3111 306 3167 includitur
319 3130 336 3167 r·
388 3112 495 3183 palude
507 3116 536 3167 A
590 3119 616 3168 8.
631 3114 781 3185 serthagae
795 3118 823 3169 A
837 3116 989 3170 Satarchae
1001 3135 1024 3172 a
1072 3117 1172 3173 dnae

148 3183 210 3235 rica
224 3186 252 3236 A
307 3188 349 3236 10.
363 3183 481 3237 munais
495 3188 523 3238 A
575 3193 616 3239 14.
630 3185 764 3240 cerrhone
777 3189 806 3240 A
820 3186 1009 3242 Cherronesus
1021 3188 1173 3244 Baream

223 3258 264 3307 lt.
280 3250 307 3305 ei
328 3269 342 3305 s
355 3258 384 3307 A
436 3253 569 3309 inlustres
583 3257 624 3309 A¹
638 3255 764 3310 illustres
777 3258 820 3310 A²
891 3265 933 3312 19.
951 3257 1029 3326 quod
1041 3262 1072 3313 A
1086 3276 1173 3328 qm

148 3462 291 3533 Ypacares
304 3482 356 3533 per
367 3464 511 3520 Nomadas
528 3470 634 3538 memet
648 3467 761 3524 Vossius
831 3414 952 3538 282³
961 3402 1174 3529 (11οὲξῇηέ

147 3540 176 3589 A
196 3532 333 3589 excedens
350 3554 411 3594 orsu
430 3536 569 3594 Pisum
586 3540 673 3595 deleri
