2424 3908
320 193 500 250 cnoaoea.
519 196 532 251 1
552 200 593 253 ra.
614 202 646 251 rs
665 197 814 267 (ss-101)
1033 195 1076 266 23

147 355 291 422 Interius
326 355 466 440 Bithyni
502 361 579 423 sunt
615 360 649 421 et
684 355 909 440 Mariandyni,
944 356 979 421 in
1018 337 1138 462 ora192

55 443 178 511 Graiae
210 445 308 513 urbes
340 444 476 528 Abydos
508 449 543 515 et
573 444 789 528 Lampsacum
821 448 853 510 et
884 444 1007 511 Parion
1042 451 1077 512 et

55 530 205 616 Priapos.
257 531 395 616 Abydos
427 533 539 617 magni
570 532 732 617 quondam
765 531 885 598 amoris
921 553 1077 604 commer-

57 621 108 685 cio
135 620 275 706 insignis
304 625 363 686 est.
408 620 624 704 Lampsacum
646 620 804 687 Phocaeis
833 621 1075 704 appellantibus

27 724 179 775 snomen
207 730 246 773 ex
274 730 311 774 eo
334 709 448 788 traxit,
476 708 563 794 quod
590 709 833 775 consulentibus
856 710 891 774 in
917 730 1076 793 quasnam

55 801 162 863 terras
186 797 395 880 potissimum
418 797 588 865 tenderent
610 818 802 882 responsum
826 801 910 879 erat,
933 797 991 863 ubi
1013 799 1077 881 pri·

55 906 147 951 mum
174 884 322 950 fulsisset
351 885 400 950 ibi
432 884 541 951 sedem
569 906 746 968 capessere.
795 889 867 949 tum
894 907 1005 949 rursus
1037 886 1076 950 fit
1103 901 1138 950 aa

57 973 203 1056 apertius
232 995 320 1039 mare
347 972 533 1057 Propontis.
579 974 615 1038 in
642 973 675 1038 id
702 972 861 1038 Granicus
892 972 1077 1056 effunditur,

56 1081 169 1145 pugna
191 1082 274 1145 quae
297 1062 439 1144 primurn
462 1062 548 1126 inter
570 1060 687 1126 Persas
712 1063 745 1126 et
767 1059 989 1126 Alexandrum
1011 1059 1077 1125 fuit

18 1148 191 1214 sonabilis.
236 1153 327 1215 trans
352 1171 480 1215 amnem
505 1149 596 1215 sedat
618 1150 654 1214 in
676 1149 800 1214 cervice
823 1149 1076 1232 paeneinsulae

57 1235 230 1321 Cyzicum3
267 1258 387 1304 nomen
424 1235 559 1321 Cyzicus
596 1236 732 1321 indidit,
769 1259 865 1321 quem
895 1259 915 1302 a
951 1235 1076 1320 Minyis

57 1325 315 1409 inprudentibus,
337 1346 412 1391 cum
434 1323 573 1392 Colchos
596 1328 759 1410 peterent,
782 1325 891 1390 fusum
915 1325 982 1391 acie
1005 1346 1075 1390 cae-

58 1435 194 1496 sumque
230 1414 420 1498 accepimus.
469 1417 546 1498 post
576 1413 690 1479 Placia
723 1419 757 1480 et
789 1411 922 1496 Scylace
956 1435 1075 1497 parvae

57 1501 274 1585 Pelasgorum
303 1501 465 1584 coloniae,
492 1501 609 1586 quibus
637 1524 657 1567 a
681 1507 774 1588 tergo
803 1501 954 1567 imminet
982 1522 1076 1566 mons

17 1605 44 1646 1⁶
58 1587 226 1674 Olympus,
248 1593 286 1655 ut
303 1589 427 1655 incolae
450 1594 568 1657 vocant
585 1589 721 1674 Mysius.
765 1590 885 1655 flumen
903 1588 1075 1673 Ryndacos
1104 1604 1138 1653 ss

56 1678 92 1742 in
120 1698 204 1761 quae
232 1682 386 1745 secuntur
413 1678 583 1744 emittitur.
633 1679 720 1744 circa
747 1697 869 1763 angues
897 1679 1077 1742 nascuntur

56 1765 233 1848 immanes,
264 1787 369 1850 neque
396 1767 438 1830 ob
467 1766 726 1851 magnitudinem
757 1765 853 1830 modo
886 1765 942 1830 sed
970 1766 1012 1830 ob
1042 1764 1076 1829 id

57 1853 160 1919 etiarn
195 1853 377 1937 mirabiles,
414 1854 501 1938 quod
532 1854 590 1924 ubi
626 1855 660 1921 in
697 1854 826 1919 alveum
859 1853 928 1919 eius
966 1856 1076 1917 aestus

58 1941 225 2026 solemque
256 1941 424 2028 fugerunt,
456 1945 626 2028 emergunt
657 1945 755 2026 atque
783 1941 892 2024 hiant,
925 1961 1076 2023 supervo-

16 2047 45 2087 20
58 2030 230 2114 lantesque
266 2051 343 2095 aves
376 2031 524 2115 quamvis
561 2031 627 2097 alte
660 2034 693 2095 et
723 2029 899 2114 perniciter
930 2028 1076 2094 ferantur

56 2118 245 2184 absorbent.
294 2122 386 2182 trans
418 2117 609 2202 Ryndacum
641 2122 691 2184 est
720 2117 878 2201 Dascylos
911 2120 945 2181 et
978 2137 1076 2200 quam

57 2204 255 2291 Colophonii
273 2207 483 2272 conlocavere
501 2206 637 2291 Myrlea.
676 2206 740 2272 dno
760 2209 837 2271 sunt
860 2204 934 2271 inde
958 2204 1076 2271 modici
1088 2220 1140 2268 100

57 2295 158 2359 sinus.
204 2295 287 2359 alter
306 2292 401 2360 Ciani
422 2295 553 2360 nomine
572 2293 655 2361 Oion
673 2294 888 2378 amplectitur,
913 2293 1077 2378 Phrygiae

55 2381 139 2447 haut
161 2382 259 2467 longe
282 2382 419 2448 iacentis
443 2383 754 2466 opportunissimum
778 2381 968 2466 emporium,
993 2382 1078 2447 alter

19 2468 217 2536 soluturos
234 2470 269 2534 in
283 2472 509 2554 promunturio
523 2471 589 2537 fert
600 2469 747 2554 Neptuni
760 2470 882 2551 fanum,
901 2470 937 2541 in
951 2469 1075 2552 gremio

57 2558 205 2624 Astacon
224 2581 244 2623 a
261 2557 508 2644 Megarensibus
528 2559 703 2627 conditam.
734 2558 808 2622 dein
826 2557 951 2640 priores
972 2560 1079 2622 terrae
1089 2573 1139 2622 101

56 2647 178 2711 iterum
192 2646 354 2730 obiacent,
367 2648 548 2732 exiturique
562 2648 596 2712 in
604 2647 746 2713 Pontum
759 2645 869 2731 pelagi
884 2645 1007 2714 canalis
1023 2667 1077 2713 an-

58 2735 187 2819 gustior
204 2732 371 2818 Europam
394 2734 435 2800 ab
455 2735 536 2801 Asia
559 2735 673 2801 stadiis
698 2735 838 2820 quinque
861 2733 1077 2816 disterminat,

132 2967 156 3013 1.
175 2959 367 3029 mariandynei
390 2962 418 3015 A
489 2967 514 3016 2.
538 2960 753 3031 lampsa<cum>
777 2960 805 3013 A
829 2962 947 3029 (litteras
970 2962 1001 3014 ia
1022 2976 1078 3015 ros.

57 3029 109 3099 Ab
170 3035 194 3083 4.
214 3030 429 3134 lampsa<oum>
447 3031 475 3085 A
495 3033 610 3098 (litteras
627 3033 659 3087 io
675 3048 732 3087 raa.
750 3030 802 3099 ΑΒ)
857 3036 881 3086 5.
901 3030 1079 3104 quas<nam>

57 3100 86 3153 A
105 3101 222 3170 (zoarae
244 3104 277 3157 ia
298 3118 352 3157 ros.
373 3100 423 3171 A)
497 3108 538 3157 12.
558 3101 775 3172 inprudentibus
793 3101 835 3155 A¹
853 3101 1079 3171 imprudentibus

58 3171 100 3224 A’
174 3176 215 3227 13.
243 3170 363 3242 plagsea
385 3173 413 3226 A
435 3172 534 3227 Placia
555 3172 702 3228 Barbarus
773 3171 893 3241 scydace
916 3173 944 3225 A
964 3172 1080 3240 Scylace

58 3241 206 3296 Barbarus
278 3248 320 3298 15.
338 3243 475 3310 ryndaces
498 3243 527 3296 A
544 3242 692 3311 Ryndacos
710 3243 838 3299 Baetae
912 3250 953 3298 16.
973 3242 1081 3297 emittit

58 3311 86 3364 A
105 3311 246 3368 emittitur
263 3313 390 3368 Bedaium
462 3321 504 3368 22.
524 3312 676 3384 colophoni
694 3314 722 3367 A
784 3313 908 3381 mysrela
926 3313 954 3364 A
972 3311 1081 3380 Myrlea

57 3382 207 3439 Barbarus
260 3389 303 3440 23.
319 3383 378 3439 sine
392 3384 420 3437 A
436 3383 515 3438 Ciani
528 3385 656 3440 Bursian
705 3382 790 3438 chion
804 3383 832 3436 A
847 3381 916 3437 Oion
933 3382 1081 3437 Borboros

141 3459 183 3510 24.
203 3453 273 3507 haut
292 3452 333 3507 A¹
350 3454 427 3508 haud
445 3455 486 3509 Aa
558 3461 601 3511 27.
621 3455 715 3509 iacent
733 3455 760 3508 A
780 3452 911 3508 obiacent
927 3451 1081 3509 Ptotiunaa
