2424 3908
119 170 162 235 74
459 167 782 225 Pomonnnums

117 334 205 399 turia
228 329 450 398 Maenorenon
477 333 510 397 et
532 327 658 401 Ooloba
679 330 858 399 Philoteris
891 335 924 397 et
949 331 1137 417 Ptolemais,

116 422 205 491 ultra
219 419 359 489 Arsinod
378 419 495 500 atalia
508 418 674 503 Berenice,
692 422 764 485 tum
779 419 862 486 silva
875 441 960 505 quae
973 419 1138 489 hebenum

118 510 297 594 odoresque
328 512 477 594 generat,
511 512 545 575 et
576 529 676 578 manu
706 507 810 575 factus
844 508 965 592 amnis,
997 508 1136 595 ideoque
1178 520 1180 567 i

62 616 97 668 81
116 598 305 667 referundus
325 596 411 681 quod
430 618 469 667 ex
487 595 559 665 Nili
578 596 671 666 alveo
690 595 826 682 dioryge
845 596 1014 666 adductus.
1045 602 1138 667 extro

118 689 241 772 sinum,
282 707 394 753 verum
438 685 474 753 in
522 684 606 755 flexu
650 689 765 751 tamen
811 685 992 755 etiamnum
1033 685 1156 757 Reuss

117 775 217 843 maris
241 796 318 859 pars
339 773 455 840 bestiis
478 773 599 839 infesta
621 773 757 859 ideoque
776 773 905 841 deserta
927 777 989 859 est,
1011 779 1137 859 partem

117 864 262 931 Panchai
288 861 453 945 habitant,
480 863 517 928 hi
545 883 626 947 quos
649 883 690 929 ex
715 862 803 929 facto
827 863 905 946 quia
932 863 1137 948 serpentibus

116 955 292 1023 vescuntur
306 950 542 1036 Ophiophagos
557 953 683 1017 vocant
714 950 806 1018 fuere
819 951 956 1019 interius
969 951 1137 1038 Pygmaei,

117 1042 279 1107 minutum
294 1061 406 1126 genus,
424 1044 458 1107 et
472 1039 558 1125 quod
570 1061 631 1124 pro
650 1040 729 1105 satis
744 1039 893 1124 frugibus
907 1043 1025 1109 contra
1042 1062 1137 1128 grues

62 1147 98 1196 sa
117 1130 300 1197 dimicando
319 1128 444 1197 defecit.
481 1131 560 1198 aunt
577 1129 682 1197 multa
699 1128 869 1198 volucrum
882 1129 988 1195 multa
1006 1145 1166 1215 serpen-1·

117 1218 201 1283 tium
220 1237 353 1302 genera:
376 1218 416 1283 ds
435 1217 641 1303 serpentibus
660 1216 864 1283 memorandi
881 1217 1033 1304 maxime,
1056 1239 1137 1304 quos

116 1327 237 1391 parvos
274 1305 448 1372 admodum
485 1309 519 1372 et
553 1306 670 1371 veneni
710 1305 891 1390 praesentis
928 1309 1018 1373 certo
1060 1307 1138 1375 anui

116 1399 265 1480 tempore
288 1416 327 1459 ex
349 1392 429 1461 limo
452 1396 676 1460 concretarum
702 1394 871 1477 paludium
893 1394 1077 1480 emergere,
1103 1396 1137 1461 in

117 1504 238 1569 magno
263 1483 410 1550 examine
432 1483 582 1548 volantes
601 1481 790 1568 Aegyptum
813 1482 955 1567 tendere,
979 1487 1081 1569 atque
1103 1485 1137 1551 in

117 1573 189 1657 ipso
213 1572 349 1639 introitu
372 1570 485 1637 finium
509 1572 551 1637 ab
580 1572 694 1638 avibus
724 1593 803 1656 quas
831 1571 937 1637 ibides
965 1573 1166 1657 appellantst

118 1661 253 1726 adverso
278 1660 407 1745 agmine
431 1659 536 1744 excipi
558 1680 734 1745 pugnaque
758 1659 875 1728 confici
897 1659 1057 1729 traditum
1081 1666 1137 1729 est

62 1764 98 1814 se
118 1749 157 1815 de
189 1748 375 1817 volucribus
406 1749 579 1833 praecipue
610 1748 779 1815 referenda
810 1747 974 1834 Phoenix,
1011 1771 1139 1836 semper

117 1837 228 1922 unica3
257 1838 437 1906 nonenim
465 1838 554 1905 coitu
581 1838 760 1923 concipitur
787 1840 924 1921 partuve
951 1841 1138 1924 generatur,

118 1927 176 1993 sed
195 1927 252 1993 ubi
271 1928 524 2012 quingentorum
543 1948 703 1993 annorum
721 1947 800 1993 sevo
821 1930 980 2011 perpetua
997 1927 1139 2013 duravit,

119 2037 216 2098 super
244 2019 475 2101 exaggeratam
502 2015 602 2081 variis
636 2015 790 2082 odoribus
817 2019 940 2081 struem
972 2016 1039 2083 sibi
1065 2017 1168 2102 ipsa!

63 2120 100 2170 84
118 2103 251 2169 incubat
279 2104 493 2188 solviturque,
524 2102 600 2168 dein
629 2103 886 2189 putrescentium
906 2105 1137 2185 ¹membrorum

117 2192 195 2257 tabe
218 2212 428 2257 concrescens
455 2192 529 2275 ipsa
553 2212 587 2256 se
610 2192 751 2274 concipit
778 2194 876 2276 atque
900 2215 939 2259 ex
966 2214 1001 2258 se
1024 2216 1137 2261 rursus

117 2279 307 2346 renascitur.
340 2300 413 2345 cum
432 2279 583 2364 adolevit,
602 2301 679 2346 ossa
696 2280 829 2364 pristini
847 2282 992 2366 corporis
1010 2282 1138 2350 inclusa

118 2389 230 2434 murra
247 2365 434 2452 Aegyptum
457 2370 616 2453 exportat,
638 2371 672 2433 et
694 2368 730 2434 in
751 2369 832 2435 urbe
856 2392 953 2455 quam
973 2369 1061 2438 Solis
1082 2371 1137 2439 ad·

117 2458 244 2541 pellant
269 2456 480 2542 maenibus
513 2478 590 2523 arae
617 2457 722 2523 bustis
749 2457 891 2525 inferens
924 2460 1171 2527 memorandos

117 2545 233 2613 funere
257 2548 433 2613 consecrat.
478 2545 589 2630 ipsum
611 2547 872 2630 promunturium
899 2569 963 2633 quo
986 2547 1022 2615 id
1045 2571 1136 2616 mare

78 2634 260 2764 qcluditur
281 2633 461 2736 Aceraunis
485 2632 625 2701 saltibus
647 2636 771 2701 invium
785 2639 854 2743 ”est

63 2777 99 2828 ⁸⁶
119 2722 1141 2898 qamittitismittitete?mittite

192 3027 216 3074 1.
241 3019 347 3075 collaca
369 3020 397 3073 A
421 3018 528 3074 Coloba
554 3021 666 3076 Vossius
741 3021 912 3092 philopteris
935 3023 964 3076 A
985 3021 1141 3078 Philoteris

120 3089 268 3146 Barbarus
321 3089 454 3192 piomalis
468 3093 496 3146 A
509 3090 661 3146 Ptolemais
674 3091 821 3148 Barbarae
875 3091 1083 3149 traiciendus
1103 3093 1145 3149 A¹

118 3160 282 3216 referendus
295 3163 324 3216 A
391 3168 416 3219 ὁ.
432 3178 500 3216 veru
514 3162 555 3216 A¹
569 3178 668 3217 verum
680 3161 721 3216 A’
771 3162 858 3219 etiam
871 3180 929 3219 non
944 3164 972 3218 A
987 3163 1144 3220 etiamnum

119 3233 273 3289 Pintiaaas
350 3239 391 3289 10.
421 3232 518 3288 deficit
545 3233 574 3288 A
601 3230 707 3287 defecit
729 3250 767 3289 cc·
827 3241 870 3290 11.
897 3235 1088 3290 memorandis
1115 3237 1143 3290 A

117 3303 319 3360 memorandis
366 3310 408 3359 13.
422 3302 571 3374 paludium
584 3304 661 3360 sicA
700 3311 740 3359 15.
757 3306 863 3374 quaA¹
876 3303 996 3375 quasA¹
1047 3305 1142 3363 ibidus

117 3375 160 3428 A¹
181 3391 251 3431 coer.
323 3381 366 3431 23.
385 3373 512 3430 nascitur
534 3374 575 3428 A¹
599 3374 756 3429 renascitur
775 3376 816 3431 Α*
888 3382 932 3433 25.
950 3377 1143 3433 archicbustis

116 3446 145 3499 A
160 3447 276 3515 (litteras
293 3445 321 3499 io
336 3447 400 3502 add.
420 3445 472 3514 Μ)
493 3461 557 3499 arae
572 3444 664 3500 bustis
678 3448 778 3516 scripsi
