2424 3908
43 201 130 276 ‘vm
469 197 676 254 enarrarre

62 347 132 411 vire
159 347 283 430 potest,
312 364 351 409 ex
378 364 442 428 quo
470 346 593 409 ceteros
621 364 734 408 omncs
762 363 912 408 manasse
940 342 1081 410 Bursian

63 435 85 500 l.
102 435 124 500 1.
143 433 289 518 apprime
314 432 477 518 sagaciter
495 431 600 497 evicit
638 430 732 507 Quod
755 453 828 498 cum
852 454 872 496 a
889 430 996 498 Melae
1015 433 1080 498 edi-

62 523 190 588 toribus
212 523 262 586 ita
283 521 468 606 neglectum
494 541 563 585 esse
587 520 745 604 viderem,
772 525 810 586 ut
835 524 965 605 praeter
988 520 1080 587 Vati·

64 633 181 677 canum
203 610 297 676 illum
320 610 461 694 reliquos
484 611 596 693 aperte
614 608 830 692 interpolatos
849 609 974 676 codices
997 613 1081 675 tam-

63 721 162 784 quam
177 721 216 764 cx
231 699 408 782 archetypo
422 701 456 762 et
465 697 555 781 ipsos
570 697 733 762 derivatos
744 698 946 782 adhiberent,
960 721 1082 764 novam

65 787 241 853 editionem
260 787 435 852 curandam
453 785 598 865 institui,
617 807 690 850 cum
703 787 898 870 praesertim
914 785 1082 853 Gustavus

64 877 223 960 Parthey,
244 874 487 941 recentissimus
511 874 624 958 editor,
648 876 867 942 emendatoris
891 875 1000 942 officio
1024 899 1080 960 pa·

62 988 135 1030 rum
158 965 290 1030 functus
315 960 414 1051 sit.¹⁰)

129 1053 392 1121 Fundamentum
409 1052 511 1138 igitur
528 1051 625 1116 huius
640 1051 790 1119 editionis
806 1057 857 1118 est
875 1053 974 1118 codex
988 1053 1082 1120 Vati-

63 1164 163 1209 canus
181 1142 269 1207 4929
293 1162 374 1206 saec.
392 1139 436 1224 X,
460 1140 702 1206 accuratissime
726 1142 767 1207 ab
790 1142 973 1227 Augusto
992 1141 1082 1208 Mau

63 1232 169 1296 denuo
196 1231 232 1295 in
255 1251 364 1294 meum
390 1251 485 1294 usum
508 1251 674 1315 excussum
702 1252 766 1314 quo
794 1231 833 1295 de
862 1231 971 1296 codice
997 1252 1082 1316 quae

64 1319 217 1385 disseruit
235 1317 405 1402 Adelphus
423 1315 640 1404 Michaelis¹¹)
659 1319 771 1403 paucis
790 1319 972 1404 supplenda
994 1324 1083 1385 sunt.

126 1405 243 1493 vNeque
272 1406 358 1471 enim
388 1406 487 1471 ceteri
517 1428 623 1492 neque
651 1405 820 1472 Michaelis
854 1408 934 1474 satis
968 1407 1082 1493 digno-

62 1499 192 1581 verunt‚
224 1494 367 1562 codicem
400 1494 541 1560 secunda
573 1498 606 1558 et
634 1496 734 1561 tertia
765 1518 865 1561 manu
897 1500 1079 1562 correctum

64 1607 148 1664 esse,
179 1605 316 1668 quarum
348 1583 433 1648 hano
464 1584 590 1667 primae
622 1585 733 1648 manui
764 1587 1083 1668 contemporaneum,

62 1674 154 1739 illam
178 1672 299 1738 sacculi
321 1669 386 1736 XII
408 1693 479 1737 esse
502 1672 670 1758 Augustus
693 1671 772 1738 Mau
793 1675 943 1739 testatur.
991 1673 1081 1750 Quae

63 1783 137 1827 cum
154 1761 202 1826 ita
224 1761 304 1845 sint,
328 1763 404 1825 ante
427 1760 539 1828 omnia
562 1782 645 1846 quae
669 1760 712 1826 sit
733 1762 819 1827 inter
842 1762 988 1849 singulas
1012 1786 1080 1827 ma-

63 1857 126 1916 nus
149 1850 234 1916 ratio
257 1849 521 1934 perpendendum
545 1853 604 1916 est.

129 1939 239 2025 Atque
271 1938 300 2003 si
331 1938 581 2023 perlustraveris
617 1940 885 2005 commentarium
924 1940 1080 2025 criticum,

62 2027 158 2092 facile
185 2026 356 2112 intelleges
384 2027 542 2093 secundae
568 2048 683 2093 manus
713 2028 905 2112 scriptorem
937 2029 1080 2093 codicem

62 2137 167 2202 neque
195 2137 234 2181 ex
256 2115 388 2200 ingenio
415 2138 518 2202 neque
548 2136 587 2181 ex
610 2115 723 2182 eodem
747 2138 810 2200 quo
834 2138 912 2182 usus
941 2120 991 2183 est
1013 2117 1080 2201 pri-

63 2225 136 2270 mae
159 2226 275 2268 manus
298 2203 440 2287 scriptor
463 2204 641 2289 exemplari
659 2205 860 2290 emendasse,
883 2207 983 2272 immo
1007 2227 1080 2290 spe-

63 2292 204 2358 raverim
224 2292 294 2357 fore
321 2295 358 2356 ut
381 2313 506 2358 mecum
534 2293 655 2358 detali
678 2295 850 2359 stemmate
879 2295 1079 2361 consentias:

137 3493 182 3562 10)
200 3510 226 3549 v.
246 3491 365 3548 Bursian
382 3493 401 3549 l.
420 3493 439 3548 l.
458 3511 486 3563 p.
506 3499 567 3549 629.
641 3493 686 3563 11)
704 3509 748 3562 ap.
768 3492 890 3562 Parthey
907 3510 935 3562 p.
954 3493 979 3547 X
998 3510 1058 3562 sqq.
