2424 3908
164 196 207 262 62
509 196 688 254 ΡΟΜΡΟΝΠ
705 198 831 252 Munus

111 376 145 426 28
164 361 254 444 ipsos
278 382 359 446 quae
386 361 495 426 iacent
517 364 612 426 vasta
639 360 714 426 sint.
760 361 810 425 ius
837 360 872 425 in
899 361 1023 426 viribus
1046 361 1178 447 habent,

164 450 244 514 adeo
264 453 356 515 utne
373 450 541 514 latrocinii
559 449 688 534 quidem
702 448 832 534 pudeat,
849 453 978 515 tantum
992 450 1177 534 hospitibus

162 539 252 622 boni,
269 538 430 622 mitesque
449 537 659 622 supplicibus.
700 537 789 602 victu
808 539 855 602 ita
873 539 979 621 asperi
998 538 1178 622 incultique

162 631 200 690 nt
223 625 322 691 cruda
345 628 444 691 etiam
468 648 563 692 carne
585 630 759 717 vescantur
782 629 838 691 aut
860 628 995 710 recenti,
1023 632 1082 692 aut
1105 648 1177 692 oum

162 715 324 799 rigentem
346 716 382 779 in
398 715 479 798 ipsis
498 715 656 798 pecudum
674 714 879 799 ferarumque
898 716 1003 799 coriis,
1025 716 1198 781 manibuss

109 818 143 867 29
162 803 361 888 pedibusque
389 802 566 888 subigendo
594 806 798 868 renovarunt.
846 807 936 868 terra
962 805 1034 887 ipsa
1064 805 1177 870 multis

162 891 307 975 inpedita
328 892 526 975 fluminibus,
548 892 660 957 multis
679 892 846 994 montibus
865 914 983 975 aspera
1005 895 1038 956 et
1056 913 1177 1007 magns

161 983 320 1134 {rsit
341 980 1177 1154 illidiiaidilliessnllbdilliticylliffli

162 1157 287 1242 aliquot
319 1160 395 1222 sunt
426 1179 508 1241 quae
543 1178 663 1222 nomen
694 1156 831 1240 habent,
868 1156 924 1220 sed
956 1157 1015 1222 illa
1052 1157 1207 1224 dierums

162 1247 335 1329 sexaginta
357 1247 421 1309 iter
444 1266 618 1328 occupem,
644 1249 682 1309 ut
704 1245 809 1310 maior
832 1245 903 1309 aliis
932 1245 980 1310 ita
1002 1250 1036 1311 et
1058 1246 1176 1312 notior.

108 1335 322 1400 sumentium
359 1333 511 1398 altissimi
543 1332 674 1399 Taunus
712 1336 745 1397 et
775 1333 906 1417 Retico,
941 1334 1005 1398 nisi
1019 1335 1021 1341 '
1037 1356 1176 1419 quornm

161 1422 295 1487 nomina
318 1422 373 1487 vix
395 1426 448 1487 est
470 1422 578 1505 eloqui
602 1443 658 1486 ore
680 1442 823 1486 romano.
869 1423 1013 1487 amnium
1033 1423 1070 1487 in
1094 1424 1176 1488 alies

162 1515 276 1594 gentes
300 1511 485 1574 exeuntium
508 1508 675 1574 Danuvius
699 1515 732 1574 et
754 1509 944 1593 Rhodanus,
967 1511 1001 1575 in
1024 1511 1176 1577 Rhenum

161 1598 288 1663 Moenis
316 1602 349 1664 et
375 1596 494 1682 Lupia,
526 1599 559 1662 in
587 1620 743 1664 oceanum
770 1596 924 1684 Amissis,
955 1599 1112 1684 Visurgis
1144 1603 1206 1666 stu

107 1702 140 1752 31
159 1686 255 1770 Albis
284 1686 466 1752 clarissimi.
512 1708 608 1771 super
631 1686 743 1751 Albim
766 1683 916 1752 Codanus
939 1688 1057 1772 ingens
1085 1689 1174 1754 sinus

160 1774 289 1860 magnis
315 1776 502 1863 parvisque
515 1775 630 1840 insulis
658 1775 795 1840 refertus
824 1780 883 1841 est.
931 1776 993 1841 hac
1020 1798 1057 1841 re
1086 1798 1175 1843 mere

161 1864 247 1947 quod
280 1866 404 1949 gremio
436 1865 571 1929 litorum
603 1862 762 1947 accipitur
791 1885 952 1948 nusquam
983 1865 1051 1930 late
1083 1869 1175 1950 patet

159 1974 219 2017 neo
245 1975 383 2037 usquam
410 1953 493 2017 mari
520 1952 640 2036 simile,
668 1972 781 2016 verum
807 1953 899 2036 aquis
927 1954 1050 2036 passim
1078 1954 1174 2019 inter·

159 2040 336 2106 fluentibus
347 2062 393 2105 'ao
415 2063 511 2124 saepo
529 2041 744 2124 transgressis
763 2060 883 2125 vagum
907 2046 1004 2127 atque
1022 2041 1205 2108 &huns

160 2128 242 2193 facie
263 2130 405 2193 amnium
424 2129 604 2214 spargitur3
628 2150 691 2212 qua
708 2128 806 2193 litora
825 2129 975 2215 adtingit,
997 2130 1081 2216 ripis
1101 2151 1174 2196 eon-

159 2220 285 2282 tentum
316 2217 496 2282 insularum
528 2237 595 2281 non
626 2217 724 2300 longe
758 2216 955 2283 distantibus
988 2222 1020 2283 et
1054 2219 1174 2304 ubique

159 2326 263 2388 paene
284 2305 488 2387 tantundem,
515 2305 543 2369 it
565 2308 742 2389 angustum
765 2310 798 2370 et
820 2327 879 2389 par
901 2306 1000 2390 freto,
1023 2328 1173 2373 curvans·

106 2409 140 2460 32
160 2415 222 2478 que
246 2416 280 2459 se
303 2393 441 2458 subinde
467 2394 567 2478 longo
596 2394 767 2477 supercilio
790 2392 943 2460 inflexum
972 2398 1030 2459 est
1076 2396 1115 2460 in
1136 2416 1171 2463 eo

160 2487 235 2546 sunt
258 2481 382 2549 Cimbri
405 2487 438 2547 et
461 2481 608 2567 Teutoni,
630 2482 720 2547 ultra
743 2483 853 2546 ultimi
875 2481 1068 2548 Germaniae
1091 2484 1204 2550 Her-s

158 2592 292 2637 mrones.

105 2641 140 2766 ἐξ
248 2657 410 2724 Sarmatia
427 2659 516 2725 intus
536 2681 633 2743 quam
652 2659 694 2724 ad
713 2680 801 2724 mare
823 2659 930 2742 latior,
954 2661 995 2725 ab
1018 2661 1171 2746 hisquae

230 2841 254 2889 1.
270 2831 365 2887 sinunt
378 2832 406 2886 A
421 2831 508 2887 sinto
562 2831 606 2885 lus
620 2833 647 2886 A
662 2833 736 2888 insu
790 2839 815 2890 4.
829 2832 999 2907 <or>ud<a>
1013 2836 1041 2889 A
1056 2836 1171 2905 (litteras

156 2906 189 2960 in
207 2919 261 2959 rus.
277 2904 341 2959 add.
355 2903 407 2972 ΑΒ)
478 2908 504 2958 8.
519 2909 544 2958 9.
559 2902 652 2957 suesia
669 2903 757 2958 metio
770 2904 857 2959 A³ia
874 2920 929 2961 ras.
1003 2905 1171 2976 10.·aliquot

156 2975 198 3029 A¹
222 2991 291 3031 corr.
344 2973 468 3028 habeant
490 2974 531 3028 A¹
553 2973 659 3029 habent
677 2974 718 3028 A*
792 2981 832 3032 11.
853 2975 882 3029 et
904 2981 968 3031 oute
989 2976 1085 3032 notior
1107 2977 1170 3033 add.

156 3045 198 3099 A‘
262 3051 303 3099 12.
324 3060 441 3113 quonum
458 3047 499 3099 A¹
518 3061 585 3101 corr.
656 3052 696 3100 14.
716 3045 843 3100 danubus
862 3047 890 3100 A
907 3045 1053 3102 Danuvius
1071 3048 1172 3118 scripsi

216 3122 257 3172 15.
276 3115 383 3169 moenis
403 3117 447 3169 est
465 3118 495 3169 et
512 3117 553 3171 A¹
570 3116 678 3171 moenis
697 3117 727 3170 et
743 3117 786 3171 A²
839 3116 901 3186 lupi
919 3119 960 3172 A¹
978 3117 1059 3188 lupia
1076 3119 1119 3175 Α8

157 3185 354 3260 amis<sisius>
371 3185 449 3256 urgis
463 3188 490 3242 A
509 3188 625 3257 (litteras
643 3189 675 3242 ia
691 3203 747 3242 rus.
761 3189 826 3244 odd.
840 3189 892 3258 ΑΒ)
907 3187 1026 3244 Amissis
1040 3188 1169 3260 Visurgis

157 3259 279 3329 Purtbep
352 3265 393 3314 17.
417 3273 481 3312 acro
504 3260 532 3312 A
553 3257 607 3311 hac
630 3275 660 3312 re
685 3259 839 3315 Pintiouus
915 3265 957 3316 21.
981 3260 1108 3331 adtingit
1129 3260 1171 3315 A¹

156 3329 275 3398 attingit
297 3327 337 3383 A¹
414 3334 457 3384 21.
482 3335 524 3386 22.
549 3330 698 3384 contentus
721 3330 749 3383 A
821 3336 863 3386 23.
883 3336 926 3386 21.
950 3347 1107 3401 curansque
1129 3329 1170 3386 A¹

156 3416 330 3469 curvamque
352 3399 394 3453 A²
467 3405 510 3455 25.
538 3399 621 3454 imbri
643 3402 670 3455 A
695 3399 800 3454 Cimbri
822 3418 842 3456 a
914 3403 1025 3456 teutoni
1048 3407 1076 3458 A
1099 3402 1169 3457 Teu·

155 3470 216 3524 toni
229 3488 250 3526 c
