2424 3908
67 211 95 265 X
469 209 677 267 PRAEFATIO

66 357 255 423 novissimis
273 356 551 442 praepositionum
571 355 826 421 consonantibus
845 354 879 421 in
894 355 1084 439 compositis

68 448 199 530 agatur,
226 469 307 531 quas
334 446 441 531 prima
467 465 582 509 manus
610 444 731 510 centies
760 444 915 528 samarit,
943 444 1085 509 secunda

68 535 167 600 toties
197 534 434 600 assimilatione
465 554 546 619 quae
577 535 714 598 uocatur
742 532 872 599 delevit.
922 531 1082 608 Quoniam

68 626 177 688 autem
195 623 303 688 minus
323 622 498 687 verisimile
513 623 577 705 est,
597 620 764 686 hominem
777 622 942 686 indoctum
957 618 1083 686 saecX

66 711 149 777 talia
181 711 395 797 excogitasse,
427 709 601 776 secundam
627 732 760 775 manum
793 711 893 775 etiam
924 710 960 775 in
986 711 1083 775 rebus

67 799 328 885 orthographicis
353 821 391 864 ex
413 799 503 865 fonte
528 821 585 864 suo
609 798 749 882 pendere
772 800 939 883 probatur.

135 888 224 965 Quae
244 889 354 954 omnia
367 889 396 952 si
409 888 661 972 consideramus,
678 887 784 953 facere
797 909 865 954 non
884 889 950 953 iam
969 910 1083 973 possu-

68 999 139 1042 mus
159 977 238 1062 quin
253 981 424 1062 utramque
440 998 573 1042 manum
587 975 721 1041 diversis
736 977 975 1060 exemplaribus
989 999 1083 1042 usam

67 1088 141 1140 esse>
161 1066 352 1150 iudicemus,
380 1086 462 1152 quae
484 1068 596 1131 tamen
617 1067 655 1129 ut
677 1065 763 1131 inter
786 1086 820 1130 se
843 1065 1027 1150 propinqua
1050 1070 1082 1131 et

66 1155 207 1220 finitima
219 1155 320 1220 fuisse
333 1155 574 1237 contendamus,
588 1174 625 1218 eo
641 1153 839 1238 adducimur,
853 1153 939 1238 quod
952 1158 987 1218 et
1001 1154 1081 1220 alios

67 1264 193 1309 errores
216 1247 249 1307 et
272 1240 452 1329 heunasffi)
474 1242 648 1308 nonnullas
666 1242 796 1327 utrique
813 1243 924 1307 manui
943 1263 1083 1308 commu·

66 1352 124 1396 nes
152 1351 221 1396 esse
248 1332 459 1416 percepimus.
506 1330 612 1408 Quam
639 1331 681 1396 ob
708 1352 778 1395 rem
804 1352 872 1396 non
899 1331 1039 1396 multum
1063 1354 1083 1396 a

66 1442 144 1486 vero
168 1421 336 1487 aberrasse
358 1421 515 1504 videmur,
538 1440 611 1484 cum
634 1418 668 1483 in
693 1422 865 1485 stemmate
889 1418 1081 1504 explicando

64 1529 86 1591 y
109 1513 142 1574 et
163 1530 181 1575 a
201 1530 241 1574 ex
260 1510 373 1575 eodem
389 1508 480 1574 fonte
498 1527 521 1572 a
538 1528 687 1572 manasse
704 1506 936 1573 iudicabamus.
964 1507 1082 1573 Restat

66 1601 104 1661 ut
121 1596 162 1662 de
179 1599 296 1662 tertiae
315 1618 431 1662 manus
446 1596 640 1662 auctoritate
653 1597 753 1662 rerba
765 1595 933 1661 faciamus.
956 1594 1082 1662 Verum

65 1691 135 1751 tam
162 1707 266 1770 pauca
294 1687 370 1750 sunt
391 1689 523 1769 tamque
551 1684 718 1769 ambigua,
745 1707 828 1771 quae
855 1684 937 1750 haec
964 1706 1081 1751 manus
1122 1756 1124 1761 ,

65 1774 137 1838 sola
159 1774 273 1859 habet,
295 1777 333 1839 ut
356 1773 434 1839 certi
456 1773 633 1859 quidquam
656 1773 782 1839 definiri
803 1796 870 1839 non
891 1773 1005 1857 possit
1122 1774 1124 1815 ;

154 1861 226 1928 Iam
250 1863 288 1927 de
309 1863 479 1948 archetypi
496 1866 614 1928 natura
632 1865 729 1946 atque
748 1862 948 1946 condicione,
973 1863 1080 1946 qualis

65 1973 103 2015 ex
127 1950 248 2017 codicis
268 1952 508 2036 subscriptione
524 1973 651 2016 necnon
669 1972 708 2016 ex
725 1951 849 2035 primae
868 1953 901 2016 et
922 1951 1081 2016 secundae

65 2062 181 2105 manus
204 2040 398 2105 lectionibus
424 2041 620 2124 comparatis
648 2042 859 2125 accurateque
887 2040 1081 2105 examinatis

65 2131 235 2213 appareat,
261 2128 418 2194 iudicium
445 2127 587 2194 feramus
614 2149 745 2193 necesse
772 2131 829 2194 est.
874 2127 984 2212 Atque
1008 2129 1081 2194 sub·

65 2214 287 2303 scriptionem)
319 2217 395 2284 libri
427 2216 518 2283 tertii
544 2217 583 2282 fit
614 2217 835 2302 perspicuum,
867 2216 1081 2302 archetypum

64 2326 147 2370 saec.
166 2304 198 2371 V
215 2305 389 2371 &vennae
407 2327 427 2370 a
444 2304 560 2371 Flavio
576 2304 722 2371 Rusticio
736 2304 891 2391 Helpidio
904 2304 1081 2389 Domnulo,

64 2393 250 2459 consistorii
280 2394 412 2478 comite,
439 2393 560 2459 litteris
590 2394 791 2474 maiusculis,
821 2397 859 2460 ut
891 2393 1081 2460 diiudicarit

64 2479 264 2569 Bursian¹⁴),
288 2483 506 2568 conscriptum
530 2486 564 2547 et
583 2483 789 2548 emendatum
808 2505 888 2548 esse.
926 2480 1079 2567 Singulos

64 2575 173 2637 autem
195 2593 310 2639 versus
330 2572 399 2638 eius
417 2571 557 2657 triginta
576 2572 717 2657 quinque
735 2572 862 2637 litteras
881 2571 1079 2638 continuisse

63 2660 144 2724 satis
167 2660 337 2744 ingeniosa
360 2664 411 2726 est
433 2660 574 2744 suspicio
598 2658 703 2725 Curtii
726 2659 958 2744 Wachsmuth,
981 2680 1081 2744 quam

63 2769 190 2813 mecum
210 2749 461 2814 communicavit
475 2749 525 2813 vir
540 2748 756 2833 doctissimus,
775 2770 813 2814 eo
826 2750 974 2832 probata,
993 2749 1080 2834 quod

61 2857 145 2921 quae
173 2836 335 2903 adduntur
359 2837 377 2902 I
399 2836 442 2902 56
471 2840 503 2901 et
528 2836 581 2902 Ill
604 2838 647 2904 86
675 2859 773 2902 manu
801 2838 940 2904 secunda
966 2837 1002 2901 in
1029 2837 1079 2902 in·

62 2924 180 2991 feriore
203 2926 350 3012 margine
377 2925 516 3008 triginta
544 2926 687 3012 quinque
709 2926 827 2992 litteris
854 2925 919 3006 (III
942 2926 985 2992 86
1008 2927 1077 3011 psis

64 3043 107 3066 =
125 3010 243 3100 persis)
263 3017 427 3099 constant,
450 3014 499 3079 ita
515 3017 553 3080 ut
570 3015 621 3079 bis
639 3013 779 3098 primam
798 3036 932 3079 manum
950 3015 1003 3080 vel
1020 3037 1079 3099 po·

62 3139 276 3149 ——--—-..

135 3209 179 3274 12)
197 3225 224 3262 v.
242 3207 327 3277 paulo
345 3206 427 3262 inira.

135 3278 179 3347 13)
197 3295 224 3334 v.
242 3278 389 3350 Michaelis
407 3279 426 3334 l.
445 3278 464 3333 l.
485 3278 516 3334 Ο.
535 3277 622 3344 Jahn,
640 3277 770 3334 Berichte
789 3278 839 3333 der
857 3277 946 3334 stchs.
966 3275 1030 3333 Ges.
1049 3276 1077 3335 d.

61 3346 146 3404 Wiss.
165 3348 313 3418 phil-hist.
334 3348 375 3404 Ol.
395 3354 461 3405 1851
482 3368 509 3420 p.
530 3353 582 3404 345
597 3366 658 3418 sqq.
691 3347 809 3404 Bursian
827 3349 846 3404 l.
864 3349 883 3404 l.
901 3367 930 3420 p.
950 3353 1011 3403 832.

136 3424 180 3487 14)
198 3418 218 3475 l.
236 3419 256 3474 l.
274 3438 302 3490 p.
322 3426 374 3475 632
398 3419 565 3491 corruptelis
586 3419 685 3477 doctus
709 3419 882 3492 (saepissime
902 3419 972 3475 Oet
990 3418 1029 3488 G,
1048 3417 1081 3472 F

60 3490 92 3545 ct
109 3489 141 3544 Ε
158 3490 382 3562 confunduntur).
