2438 3908
99 183 143 250 56
445 183 624 242 Pourouu
641 181 767 240 uetur
893 253 898 258 ⁷

101 350 134 413 et
162 347 291 432 magnis
323 347 469 413 aestibus
498 346 675 430 concitum,
706 347 754 413 ita
787 346 873 413 enim
903 350 1014 412 motus
1047 346 1116 412 eius

100 435 1116 609 tttttlttltltttltmttttlitttlmt

225 574 235 607 7

103 613 285 679 accessibus
318 633 404 679 nunc
435 611 469 677 iu
500 611 561 677 hos
593 633 680 678 nunc
711 611 746 677 iu
776 613 850 677 illos
887 615 959 677 toto
989 613 1117 696 impetu

101 721 240 784 versum,
264 699 320 764 sed
343 700 401 766 ubi
419 700 454 764 iu
472 699 583 765 omnia
600 699 708 783 litora,
731 700 878 784 quamvis
896 700 1026 766 divorsa
1043 701 1141 784 sinti

100 792 263 855 terrarum
286 789 529 873 insularumque
554 811 594 853 ex
617 788 722 853 medio
749 788 875 871 pariter
895 788 1032 853 effusum
1058 792 1118 872 est,

101 898 212 941 rursus
237 877 278 941 ab
296 876 363 943 illis
383 876 550 961 colligitur
567 876 602 943 in
620 876 761 943 medium
785 879 818 941 et
835 877 871 941 in
888 881 992 943 semet
1009 877 1117 960 ipsum

101 965 195 1048 redit,
213 968 307 1036 tanta
321 965 354 1030 vi
377 987 503 1049 semper
522 964 694 1032 inmissum
707 968 745 1029 ut
757 967 853 1030 vasta
870 965 970 1030 etiam
983 965 1118 1030 flumina

28 1108 30 1113 .
101 1057 189 1119 retro
213 1059 302 1139 agat,
325 1057 358 1119 et
381 1058 439 1120 aut
460 1053 631 1119 terrestria
649 1053 869 1136 deprehendat
887 1054 1044 1118 animalia
1060 1056 1118 1119 aut

66 1142 227 1208 amarius
260 1142 426 1209 destituat.
480 1164 584 1227 neque
617 1141 722 1208 adhuc
755 1141 834 1206 satis
868 1141 1035 1226 cognitum
1068 1145 1117 1207 est
1129 1161 1141 1200 11

103 1228 288 1295 anhelitune
315 1229 350 1295 id
373 1251 433 1294 suo
456 1231 593 1297 mundus
617 1230 750 1310 efficiat,
777 1233 1017 1314 retractamque
1045 1251 1117 1296 cum

102 1317 221 1400 spiritu
243 1320 375 1402 regerat
397 1317 516 1382 undam
535 1319 686 1403 undique,
709 1319 747 1402 si,
771 1321 809 1383 ut
827 1318 1026 1384 doctioribus
1049 1320 1117 1403 pla

101 1408 165 1489 cet,
192 1427 293 1474 unum
318 1406 440 1471 animal
464 1408 528 1490 est,
554 1407 686 1471 ausint
709 1407 852 1491 depressi
876 1407 976 1492 aliqui
1000 1429 1117 1492 specus

101 1493 932 1650 recuseturstructus

494 1632 503 1666 ‚
1139 1628 1141 1638 .

99 1670 264 1753 praebeat·
314 1674 350 1736 at
379 1673 471 1736 ortus
500 1673 585 1737 certe
618 1671 687 1737 eius
720 1693 918 1756 occasusque
949 1672 1118 1748 uariantur

99 1779 203 1842 neque
231 1759 343 1826 eodem
371 1757 503 1826 adsidue
530 1762 690 1844 ternpore,
717 1759 774 1825 sed
801 1759 924 1825 utillo
951 1761 1058 1844 surgit
1080 1781 1117 1825 ac

100 1845 299 1932 demergitur
325 1846 374 1914 ita
396 1847 546 1913 recedere
574 1852 671 1933 atque
698 1847 875 1914 adventare
902 1849 1116 1932 conperimus.

66 1950 82 1999 3
101 1934 164 2003 huc
187 1957 336 2021 egressos
359 1940 596 2021 sequentesque
619 1958 657 2003 ea
680 1958 762 2021 quae
791 1937 981 2002 exeuntibus
1004 1938 1117 2003 dextra

101 2026 177 2089 sunt
196 2045 317 2108 aequor
330 2025 533 2093 Atlanticum
553 2028 586 2091 et
604 2046 662 2091 ora
679 2023 832 2090 Baeticae
850 2024 968 2091 frontis
988 2026 1141 2110 excipitr

100 2131 182 2193 quae
209 2112 274 2176 nisi
303 2112 388 2195 quod
416 2112 516 2177 semel
543 2113 726 2196 iterumque
753 2113 921 2197 paululum
953 2113 988 2177 in
1016 2119 1117 2180 semet

101 2196 272 2263 abducitur
298 2221 400 2283 usque
428 2199 469 2263 ad
500 2199 635 2264 fluvium
662 2201 770 2265 Anam
801 2222 903 2285 paene
935 2205 1026 2267 recta
1059 2207 1115 2267 est.

66 2301 83 2348 4
103 2284 238 2350 Turduli
262 2289 295 2350 et
316 2285 447 2351 Bastuli
469 2286 629 2352 habitant.
674 2289 710 2352 in
733 2290 880 2373 proximo
907 2290 980 2354 sinu
1001 2293 1116 2374 portus

102 2376 152 2437 est
180 2395 275 2458 quern
304 2373 513 2459 Gaditanum,
545 2378 578 2439 et
605 2375 697 2440 lucus
725 2398 820 2460 quem
850 2375 1035 2443 Oleastrum
1063 2379 1115 2444 ad·

100 2463 239 2547 pellant,
270 2467 342 2531 tum
369 2463 538 2531 castellum
564 2462 677 2529 Ebora
705 2465 862 2531 inlitora
890 2469 924 2531 et
949 2468 1065 2550 procul
1096 2485 1141 2532 au

100 2550 196 2616 litore
219 2550 326 2618 Hasta
349 2552 486 2619 colonia.
532 2555 623 2618 erma
648 2550 782 2618 Iunonis
811 2576 868 2618 ara
894 2555 1115 2640 templumque

99 2641 162 2722 est,
197 2640 233 2704 in
268 2642 340 2723 ipsc
376 2640 460 2706 mari
495 2645 740 2709 monumentum
773 2637 947 2726 Caepionis
984 2640 1115 2728 scopulo

63 2727 204 2811 omagis
233 2749 330 2811 quam
358 2728 485 2793 insulae
513 2730 712 2813 impositum.
757 2727 870 2794 Baetis
898 2753 937 2796 ex
960 2730 1115 2798 Tarraco·

98 2813 191 2879 nensi
222 2816 356 2899 regione
387 2814 548 2882 demissus
579 2839 637 2901 per
667 2817 754 2883 hanc
784 2817 852 2883 fere
884 2819 1025 2884 mediam
1061 2821 1116 2885 diu

98 2900 182 2967 sicut
203 2902 349 2970 nascitur
371 2924 436 2969 uno
459 2925 554 2970 amne
577 2904 728 2990 decurrit,
750 2909 827 2989 post
848 2907 906 2971 ubi
928 2928 995 2971 non
1017 2909 1141 2993 longe·

169 3097 192 3147 1.
212 3089 237 3144 it
254 3091 364 3161 magnis
383 3093 412 3146 A
432 3095 461 3147 et
478 3092 624 3163 magaico
696 3101 722 3152 2.
741 3095 888 3165 adpellant
905 3097 947 3150 A¹
967 3098 1115 3168 appellant

96 3159 137 3218 A'
193 3167 234 3219 14.
254 3161 345 3219 undae
364 3163 393 3219 A
410 3163 485 3221 unde
503 3181 524 3219 c
584 3171 626 3221 lt.
645 3165 789 3221 adtollant
806 3167 848 3222 A¹
866 3167 1002 3222 attollant
1019 3169 1061 3222 A*

98 3239 138 3291 16.
158 3233 189 3288 at
208 3233 286 3290 ortus
305 3234 345 3288 sic
363 3233 391 3286 A
464 3241 504 3290 17.
524 3234 642 3293 adsidue
660 3237 702 3292 A¹
720 3235 887 3293 assidueA’
959 3243 1002 3293 18.
1022 3239 1115 3309 adque

95 3305 124 3359 A
179 3303 356 3375 conperimus
369 3305 410 3359 A¹
426 3305 611 3375 comperimus
625 3306 666 3363 A¹
721 3313 762 3363 19.
781 3324 911 3378 egressus
925 3309 966 3362 A¹
985 3326 1114 3379 egressos

95 3374 136 3429 A·
208 3381 251 3433 24.
272 3380 313 3432 25.
333 3374 481 3446 adpellant
498 3377 539 3433 A¹
557 3377 706 3459 appellant
717 3377 759 3433 A’
820 3384 862 3436 25.
881 3378 966 3434 litore
983 3381 1025 3436 A¹
1043 3397 1113 3437 corr.

167 3452 210 3501 2⁷.
230 3445 393 3516 caeopionis
411 3447 452 3503 A¹
472 3447 616 3518 caepioms
634 3448 675 3502 A¹
748 3454 790 3504 28.
811 3456 851 3505 2⁹.
871 3451 1064 3505 remensi
1085 3452 1113 3508 A
