2424 3908
148 212 168 276 8
492 209 672 266 POMPONII
689 208 814 264 efflans

93 389 127 438 aa
147 375 262 440 melior
286 377 319 439 et
336 373 478 460 segnitia
501 372 609 459 gentis
628 372 774 438 obseura
820 392 859 436 ex
880 371 1060 437 histamen
1079 393 1162 458 quae

146 484 399 529 commemorare
426 483 493 528 non
519 461 612 546 piget
639 463 766 527 montes
795 463 871 525 aunt
898 460 957 525 alti
979 461 1035 545 qui
1059 461 1162 526 oonti·

145 556 260 618 uenter
287 554 321 617 et
348 551 441 636 quasi
469 551 508 616 de
534 549 694 615 industria
719 549 754 613 in
779 547 926 614 ordinem
954 548 1097 632 expositi
1120 550 1161 615 ob

145 660 315 705 numerum
334 637 466 722 Septem
489 639 531 705 ob
556 637 801 704 similitudinem
822 636 955 703 Fratres
972 658 1159 722 nuncupan-

146 732 209 793 tur.
259 727 428 793 Tumuada
455 727 586 812 fluvius,
619 731 651 792 et
678 726 848 810 Rusigada
874 730 907 790 et
934 723 1013 810 Siga
1038 746 1195 810 pervasa

145 816 251 902 urbes,
270 819 433 901 otpertus
452 816 504 882 eui
522 814 645 903 Magno
669 818 720 880 est
737 835 918 900 cognomen
942 814 983 878 ob
1007 815 1161 896 spatium.

144 903 299 971 Mulucha
321 905 378 971 ille
407 927 501 990 quem
526 905 667 970 diximus
698 905 805 969 amnis
829 909 881 969 est
902 923 990 968 nuno
1012 904 1160 987 gentium

145 994 225 1059 olim
243 1014 418 1079 regnorum
438 1015 566 1079 quoque
584 992 754 1076 terminus,
771 991 894 1058 Booohi
907 989 1160 1076 Iugurthaeque.

235 1081 286 1147 Ab
306 1102 344 1148 eo
359 1082 514 1147 Numidia
528 1082 568 1147 ad
584 1083 672 1166 ripas
688 1081 837 1166 exposita
849 1079 991 1145 fluminis
1005 1079 1162 1164 Ampsaci

145 1171 252 1255 spatio
277 1170 407 1255 quidem
429 1193 527 1256 quam
550 1169 754 1236 Mauretania
773 1168 945 1255 angustior
966 1172 1026 1252 est,
1048 1190 1162 1233 verum
1176 1187 1198 1228 n

145 1264 177 1323 et
196 1259 286 1325 oulta
303 1259 408 1344 magis
427 1265 461 1325 et
480 1259 587 1325 ditior.
633 1258 762 1324 urbium
781 1278 863 1342 quas
881 1257 983 1322 habet
1000 1257 1162 1323 maximae

145 1351 221 1412 sunt
244 1347 335 1415 Cirta
361 1348 475 1432 procul
504 1348 641 1426 amari,
670 1368 756 1413 nuno
779 1345 995 1412 Sittianorum
1024 1346 1163 1431 colonia,

144 1437 306 1522 quondam
334 1458 447 1521 regum
476 1436 604 1515 domus,
633 1439 666 1499 et
693 1456 766 1500 oum
791 1433 951 1519 Syphacis
976 1434 1062 1499 foret
1084 1456 1163 1520 opu·

143 1525 337 1608 lentissima,
358 1525 409 1590 Iol
428 1524 470 1590 ad
492 1544 582 1588 mare
600 1523 775 1607 aliquando
794 1522 959 1608 ignobilis,
981 1544 1066 1588 nuno
1086 1523 1164 1607 quia

143 1612 244 1678 Iubae
272 1613 363 1698 regia
384 1611 448 1676 fuit
471 1616 504 1677 et
527 1611 613 1697 quod
635 1610 795 1677 Caesarea
817 1612 979 1678 vocitatur
1004 1611 1162 1677 inlustris.
1176 1628 1198 1670 1⁵

91 1717 123 1765 31
145 1701 228 1766 citra
249 1701 346 1784 hano,
373 1722 450 1767 nam
473 1701 507 1766 in
530 1699 636 1765 medio
658 1700 760 1766 ferme
783 1701 880 1767 litore
904 1700 969 1765 sita
991 1703 1055 1783 est,
1085 1698 1163 1766 Oar-

142 1789 235 1854 tinna
263 1792 295 1854 et
319 1790 462 1855 Arsinna
490 1794 566 1854 sunt
593 1789 712 1873 oppida
739 1793 773 1854 et
799 1788 902 1854 Avise
929 1788 1100 1854 castellum
1130 1793 1163 1854 et

142 1875 281 1944 Laturus
296 1879 386 1945 sinus
406 1884 439 1944 et
454 1876 631 1944 Sardabale
650 1878 777 1944 fluvius.
813 1879 901 1943 ultra
915 1880 1162 1978 monumentum

143 1988 312 2120 {utet}
328 1965 1040 2140 3352titutttttffisttttt
1056 1965 1198 2119 tte..

89 2157 123 2206 aa
142 2142 270 2207 nullum
301 2165 408 2209 rerum
441 2143 589 2209 famaeve
621 2142 824 2226 dispendium
854 2147 914 2209 est.
963 2143 1101 2207 interius
1130 2145 1164 2209 et

143 2231 241 2316 longe
269 2231 348 2296 satis
377 2253 397 2296 a
423 2231 532 2314 litore,
565 2232 593 2296 si
622 2231 719 2296 fidem
748 2253 802 2297 res
835 2232 938 2316 sapit,
969 2231 1088 2296 mirum
1122 2231 1162 2296 ad

35 2368 44 2391 ,
141 2319 273 2385 modum
304 2320 417 2404 spinae
444 2319 582 2405 pisoium
610 2320 769 2386 muricum
797 2324 1043 2404 ostrearumque
1074 2318 1162 2404 frag·

141 2410 252 2473 menta
275 2430 353 2474 saxa
376 2407 512 2493 adtrita,
534 2408 583 2473 uti
607 2408 727 2491 solent,
754 2409 905 2475 fluetibus
929 2411 964 2473 et
985 2429 1053 2473 non
1074 2408 1162 2473 diffe-

140 2496 249 2563 rentia
272 2497 408 2563 marinis
430 2496 549 2563 infixae
572 2497 720 2563 cautibus
745 2497 905 2564 anehorae
928 2499 961 2563 et
989 2496 1055 2561 alia
1078 2497 1198 2563 eius-as

141 2585 229 2650 modi
258 2587 353 2672 signa
380 2591 478 2672 atque
510 2585 652 2672 vestigia
679 2586 772 2651 effusi
804 2587 883 2652 olim
914 2606 1017 2670 usque
1048 2586 1090 2651 ad
1122 2607 1161 2651 ea

140 2673 214 2738 loca
235 2674 345 2758 pelagi
367 2675 402 2739 in
425 2675 547 2759 eampis
570 2674 653 2740 nihil
678 2675 841 2741 alentibus
864 2695 935 2740 esse
958 2673 1160 2758 invenirique

140 2765 325 2827 narrentur.

88 2827 121 2954 ΒΞ
230 2850 336 2935 Regio
356 2871 437 2933 quae
461 2851 606 2935 seqnitur
624 2872 644 2916 a
665 2852 893 2936 promunturio
910 2849 1099 2935 Metagonio
1119 2851 1160 2916 ad

140 2937 225 3003 Aras
242 2937 475 3005 Philaenorum
497 2938 628 3023 proprie
646 2960 765 3005 nomen
783 2939 915 3006 Africae
933 2943 1079 3023 usurpat
1124 2940 1160 3004 in
1173 2957 1198 2998 oo

140 3048 179 3091 ea
198 3030 274 3092 sunt
289 3027 408 3112 oppida
421 3026 532 3112 Hippo
547 3026 670 3112 Regius
689 3033 723 3094 et
736 3028 916 3095 Rusiccade
931 3032 964 3094 et
978 3027 1158 3094 Thabraca

91 1136 126 1187 30

212 3260 236 3309 2.
255 3253 435 3309 eontinentur
448 3255 476 3308 A
491 3253 670 3310 continenter
687 3271 708 3310 a
782 3260 822 3311 12.
838 3210 929 3309 oirtha
942 3257 970 3310 A
1045 3261 1086 3309 14.
1101 3254 1160 3310 iola

138 3344 165 3397 A
185 3342 227 3397 Iol
245 3343 393 3399 Borboros
447 3348 488 3399 lt.
510 3359 640 3399 caesarea
657 3343 698 3399 A¹
717 3357 850 3398 meearea
867 3341 910 3397 A*
963 3323 1092 3411 idlustris
1116 3344 1160 3396 A¹

210 3419 255 3470 22.
273 3415 375 3470 altiore
393 3414 421 3469 A
440 3429 457 3468 a
479 3412 564 3470 litore
583 3433 600 3471 o
672 3419 714 3471 24.
740 3412 846 3469 adt-lta
863 3413 905 3468 A¹
929 3412 1029 3468 attrita
1046 3412 1089 3468 A*

138 3491 181 3542 26.
206 3485 297 3553 adque
319 3486 361 3541 A¹
384 3487 470 3554 atque
493 3486 537 3542 A·
608 3492 651 3541 80.
673 3483 821 3540 filenomm
842 3484 870 3539 A
