2424 3908
160 190 201 255 16
508 183 829 241 eomounnanlu

158 355 209 416 est
226 350 303 435 Iope
327 352 404 415 ante
428 349 588 414 diluvium
610 352 648 414 ut
670 347 780 413 ferunt
798 348 939 431 condita,
962 347 1019 412 ubi
1043 345 1174 433 Cephea

157 459 312 524 regnasse
331 461 369 505 eo
390 438 485 523 signo
504 438 632 503 accolae
651 436 834 520 adfirmant,
852 435 938 521 quod
951 436 1086 501 titulum
1105 437 1172 503 eius

156 529 334 612 fratrisque
352 526 469 591 Phinei
486 529 612 591 veteres
637 525 795 610 quaedam
817 546 893 590 arae
917 546 989 590 cum
1012 525 1173 610 religione

157 617 300 701 plurima
317 615 473 680 retinent:
493 615 571 699 quin
589 614 689 679 etiam
708 613 755 679 rei
774 613 955 679 celebratae
974 614 1173 680 carminibus

157 726 194 769 ac
216 703 350 787 fabulis,
378 706 588 788 servataeque
611 725 631 767 a
653 703 771 768 Perseo
794 701 1021 804 Andromedae
1048 703 1203 770 clarum⁵

20 901 23 906 ·
106 791 1172 963 12vestlllidimldiiifflluiiiiliaeieollhhehillscleilusirlloesrtsehiinliihum

104 938 137 986 ⁶⁶
157 989 259 1054 genus
284 973 317 1033 et
340 968 382 1034 ad
400 968 479 1034 belli
497 969 652 1052 pacisque
670 968 783 1033 munia
801 968 967 1033 eximium:
990 967 1120 1033 litteras
1139 971 1172 1034 et

156 1058 339 1123 litterarum
358 1078 473 1140 operas
497 1059 642 1142 aliasque
661 1056 762 1122 etiam
786 1062 881 1140 artes,
905 1056 1009 1121 maria
1031 1056 1171 1122 navibus

154 1145 258 1228 adire,
287 1145 390 1210 classe
417 1146 604 1232 confligere,
630 1146 807 1229 inperitare
835 1145 1002 1229 gentibus,
1032 1165 1170 1229 regnum
1183 1161 1204 1201 1⁰

104 1252 137 1301 aa
156 1234 379 1317 proeliumque
403 1235 574 1299 coamenti.
620 1235 656 1298 iu
679 1255 717 1298 ea
739 1237 791 1299 est
813 1237 847 1298 et
869 1232 973 1317 Tyros
997 1233 1170 1317 aliquando

155 1322 272 1405 insula,
294 1343 380 1387 nunc
404 1322 528 1388 adnexa
546 1323 643 1387 terris
662 1322 779 1406 deficit,
803 1322 888 1407 quod
907 1322 948 1386 ab
968 1322 1171 1406 inpugnante

156 1410 317 1494 quondam
335 1410 522 1477 Alexandro
540 1412 627 1476 iacta
646 1431 752 1495 opera.
797 1410 862 1475 vici
880 1413 993 1475 tenent
1011 1410 1171 1476 ulteriora

155 1502 189 1564 ct
207 1499 311 1564 adhuc
330 1501 484 1583 opulenta
503 1498 611 1582 Sidon,
634 1504 810 1582 antequam
829 1521 849 1563 a
867 1498 976 1564 Persis
1000 1503 1170 1582 caperetur

102 1606 135 1654 67
156 1588 393 1652 maritimarum
407 1588 537 1652 urbium
553 1588 703 1653 maxima.
740 1587 781 1652 ab
796 1609 835 1652 ea
849 1587 890 1652 ad
904 1589 1169 1671 promunturium
1182 1601 1203 1644 1⁶

155 1675 413 1760 'lbeuprosopon
431 1675 494 1741 duo
510 1679 587 1741 sunt
605 1675 725 1760 oppida
738 1675 862 1741 Bublos
882 1679 915 1740 et
928 1674 1063 1760 Botrys:
1082 1678 1169 1743 ultra

154 1764 220 1828 tria
246 1763 375 1829 fuerunt
403 1765 540 1848 singulis
568 1766 654 1829 inter
681 1786 716 1829 se
739 1764 853 1830 stadiis
877 1764 1048 1848 distantia3
1077 1766 1167 1831 locus

155 1874 194 1916 ex
215 1874 350 1919 numero
373 1852 515 1937 Tripolis
539 1853 663 1918 dicitur.
698 1856 768 1918 tum
792 1852 922 1937 Simyra
944 1854 1114 1918 castellum
1138 1858 1170 1919 et

101 1959 135 2008 68
154 1941 232 2006 urbs
259 1963 327 2006 non
354 1943 493 2007 obscura
520 1941 698 2007 Marathos.
744 1942 818 2006 inde
845 1942 912 2006 iam
940 1963 1007 2007 non
1033 1941 1169 2027 obliqua

153 2030 271 2115 pelago
295 2031 351 2095 sed
375 2030 511 2095 adversa
534 2029 685 2096 adiacens
705 2028 786 2094 Asia
808 2030 964 2115 grandem
988 2030 1095 2095 sinum
1120 2032 1203 2095 ΞΜ

153 2117 236 2182 flexo
259 2121 367 2183 tractu
385 2118 492 2184 litoris
516 2119 642 2202 accipit.
688 2117 801 2202 populi
820 2117 903 2183 dites
923 2118 1167 2204 circumsident:

153 2205 236 2270 situs
255 2205 368 2272 efficit:
391 2207 467 2291 quia
485 2207 577 2290 regio
596 2207 714 2271 fertilis
733 2206 854 2271 crebris
874 2208 907 2271 et
925 2207 1167 2293 navigabilibus

153 2293 255 2359 alveis
277 2295 447 2360 fluminum
464 2293 576 2378 pervia
598 2295 741 2361 diversas
761 2316 837 2378 opes
861 2295 960 2360 maris
984 2298 1081 2380 atque
1104 2300 1168 2362 ter·

100 2401 133 2450 sc
152 2404 262 2447 rarum
288 2382 380 2448 facili
407 2384 601 2449 commercio
628 2387 794 2468 permutat
823 2404 862 2449 ac
888 2384 1011 2448 miscet.
1060 2385 1096 2449 in
1129 2406 1167 2451 eo

152 2471 258 2555 prima
277 2475 327 2537 est
344 2472 472 2557 reliqua
485 2493 560 2554 pars
576 2470 687 2556 Syriae
706 2473 758 2538 cui
772 2471 967 2536 Antiochiae
986 2493 1167 2558 cognomen
1179 2487 1203 2529 2⁵

152 2560 295 2638 additur,
323 2563 356 2626 et
377 2561 413 2625 in
434 2582 499 2626 ora
523 2561 591 2625 eius
614 2561 712 2626 urbes
736 2559 892 2644 Seleucia,
919 2560 1083 2644 Hypatos,
1106 2561 1166 2627 Be·

152 2651 258 2732 rytos,
280 2647 452 2733 Laodicea,
479 2647 599 2734 Rosos,
626 2670 800 2735 amnesque
824 2649 880 2733 qui
902 2649 987 2713 iuter
1009 2671 1064 2714 eas
1089 2656 1167 2716 eunt

152 2735 258 2820 Lycos
282 2739 314 2801 et
337 2736 488 2821 Hypatos
513 2741 545 2801 et
568 2737 721 2824 Orontes;
748 2741 819 2802 tum
844 2759 937 2802 mons
961 2736 1109 2804 Amanus
1132 2743 1169 2804 et

153 2825 193 2888 ab
218 2846 256 2889 eo
280 2825 394 2890 statim
416 2825 624 2909 Myriandros
648 2830 681 2892 et
704 2825 832 2892 Cilices.

240 2911 287 2978 At
309 2913 343 2977 in
366 2936 493 2980 recessu
516 2915 633 2982 intimo
657 2917 747 2981 locus
772 2918 822 2980 est
849 2915 962 2999 magni
991 2916 1164 2999 aliquando
1178 2931 1202 2972 ω

99 2970 133 3019 ⁷⁰
152 3000 364 3087 discriminis,
392 3003 539 3070 lusorum
567 3004 607 3070 ab
631 3003 815 3070 Alexandro
839 3004 1014 3069 Persarum
1038 3004 1164 3097 fugien-

223 3183 246 3230 1.
266 3175 331 3248 <est
349 3177 435 3250 i>ope
454 3180 482 3233 A
501 3180 618 3248 (litteras
636 3180 668 3233 ia
684 3195 740 3234 ros.
763 3179 828 3234 add.
853 3178 905 3248 A³)
977 3184 1002 3235 6.
1027 3178 1165 3233 matrinae

149 3247 191 3301 A¹
204 3246 329 3303 mannae
342 3250 384 3304 A²
456 3257 481 3307 v.
495 3250 680 3306 inlustravere
698 3250 739 3304 Αι
756 3248 934 3304 illustravere
947 3248 989 3304 A’
1063 3255 1104 3305 10.
1123 3248 1165 3303 in-

149 3317 242 3387 perita
259 3335 289 3373 re
307 3321 349 3374 A¹
370 3320 499 3391 imperita
512 3336 542 3374 re
556 3320 597 3375 A²
653 3327 693 3376 le.
709 3337 744 3375 eu
764 3336 887 3390 rosopon
900 3319 928 3374 A
943 3320 1166 3390 Theuprosopon

151 3389 443 3528 Pintppmpytobupop
449 3393 477 3446 A
488 3390 594 3446 Bublos
603 3393 702 3461 :crepat
744 3338 860 3446 isauros
872 3393 899 3447 A
907 3391 1009 3459 Botrys
1018 3391 1165 3447 Barbarus

257 3502 262 3515 .
344 3479 357 3515 s
444 3479 546 3532 ycosc
780 3489 782 3493 ·
