2424 3908
145 192 189 257 48
497 188 679 246 rouroru
696 188 821 246 amana

96 374 130 423 90
149 353 288 422 subinde
306 355 515 438 consurgunt,
534 349 645 418 Scalas
662 352 858 419 Hannibalis
878 350 1054 437 adpellant.
1089 347 1165 415 inde

149 444 189 510 ad
208 443 423 508 Tarraconem
445 462 547 524 parva
571 443 649 505 sunt
671 442 790 525 oppida
813 441 949 525 Blande,
970 438 1070 523 Iluro,
1087 436 1166 503 Bee-

147 533 232 616 tulo,
254 530 410 613 Barcino,
433 527 553 614 Subur,
581 527 713 613 Tolobi3
740 551 844 614 parva
870 529 1005 593 flumina
1027 526 1165 592 Baetulo

147 622 240 687 iuxta
261 617 350 684 Iovis
374 619 532 698 montem,
554 616 768 684 Rubricatum
790 619 826 683 in
846 616 1037 683 Barcinonis
1061 615 1166 699 litore,

148 711 235 774 inter
267 704 375 771 Subur
411 708 444 770 et
475 704 620 771 Tolobin
654 705 770 772 Maius.
824 706 966 772 Tarraco
1002 703 1083 771 urba
1117 706 1187 769 9999

148 797 184 863 in
214 795 265 860 his
293 794 360 860 oris
388 791 626 859 maritimamm
649 795 904 881 opulentissima.
953 792 1064 858 Tulcis
1095 813 1167 858 eam

148 883 294 951 modicus
325 881 445 968 amnis,
473 903 570 966 anper
597 883 715 968 ingens
740 882 884 949 Hiberus
910 882 1085 947 Dertosam
1115 880 1167 947 ad·

95 992 130 1040 91
149 973 259 1058 tingit
303 970 378 1036 inde
396 992 432 1036 se
454 971 490 1034 in
511 975 615 1036 terras
638 972 774 1057 pelagus
792 971 945 1050 insinuat,
967 973 1002 1034 et
1024 969 1167 1054 primum

150 1081 270 1147 magno
293 1059 419 1143 impetu
441 1059 619 1126 admissum
640 1082 718 1125 mox
739 1061 774 1125 in
795 1060 876 1125 duos
900 1059 990 1124 sinus
1013 1079 1166 1143 promun-

98 1168 132 1217 99
151 1150 238 1215 turio
253 1147 339 1232 quod
351 1147 535 1213 Ferrariam
548 1152 666 1214 vocant
679 1149 822 1214 finditur.
849 1148 940 1232 prior
953 1145 1167 1213 Sucronensis
1178 1161 1198 1203 9

151 1239 281 1322 dieitur,
298 1235 464 1320 maiorque
483 1258 522 1301 ac
538 1256 660 1322 magno
674 1237 756 1302 satis
773 1259 829 1302 ore
841 1236 979 1320 pelagus
995 1235 1168 1320 arcipiam,

152 1329 186 1391 99
205 1345 269 1410 quo
288 1324 395 1408 magis
414 1327 602 1407 penetratur
621 1326 800 1410 angrntior,
821 1322 962 1390 Sorobin
980 1326 1016 1388 et
1033 1322 1167 1389 Turiam

154 1419 187 1479 et
210 1411 386 1479 Sucronem
408 1434 475 1477 non
497 1420 618 1498 magna
645 1414 767 1497 excipit
793 1413 940 1496 flumina,
966 1410 1066 1476 urbes
1094 1433 1167 1479 con·

152 1503 267 1586 plexus
290 1505 325 1566 et
348 1500 428 1566 alian
452 1501 598 1586 quidem,
621 1501 677 1566 sed
698 1502 888 1567 notissimas
910 1499 1115 1580 Valentiam,
1137 1503 1169 1566 et

98 1609 132 1658 99
153 1590 336 1675 Saguntum
353 1588 447 1655 illam
460 1589 524 1655 fide
543 1594 640 1674 atque
653 1590 817 1656 aerumnis
829 1589 997 1655 inclutam.
1027 1609 1167 1674 sequens
1178 1602 1200 1645 ¹⁵

150 1679 318 1743 Ilicitanus
351 1677 504 1744 Allonem
535 1678 636 1744 habet
668 1683 702 1744 et
729 1678 923 1744 Lucentiam
954 1682 987 1742 et
1018 1677 1105 1743 unde
1139 1678 1168 1744 ci

150 1787 270 1833 nomen
302 1768 353 1830 est
378 1764 501 1833 Ilicem.
550 1767 604 1832 hic
631 1769 698 1834 iam
725 1772 832 1833 terrae
864 1767 971 1850 magis
999 1766 1034 1833 in
1064 1767 1168 1832 altum

150 1858 245 1940 eunt,
281 1855 498 1941 latioremque
530 1878 629 1941 quam
665 1856 773 1921 firerat
802 1855 998 1940 Hispaniam
1033 1853 1168 1921 faciunt

97 1961 132 2011 94
150 1966 264 2010 verum
292 1943 333 2009 ab
359 1943 519 2028 hisquae
548 1945 635 2010 dicta
656 1949 735 2010 sunt
760 1944 803 2009 ad
828 1944 990 2028 principia
1012 1942 1168 2010 Baeticae

150 2036 280 2117 praeter
301 2029 535 2118 Carthaginem
560 2055 659 2117 quarn
687 2033 752 2098 dux
774 2032 956 2098 Poenorum
978 2031 1201 2098 Hasdrubal*

151 2120 298 2186 condidit
319 2119 405 2184 nihil
428 2119 633 2186 referendum
652 2124 711 2186 est.
755 2121 791 2186 in
809 2121 898 2185 illius
921 2121 988 2186 oris
1006 2120 1168 2206 ignobilia

152 2211 230 2275 sunt
256 2208 378 2292 oppida
404 2213 438 2273 et
465 2231 602 2293 qnorum
633 2210 756 2274 mentio
790 2212 919 2274 tantum
947 2208 988 2273 ad
1020 2209 1169 2276 ordinem

151 2297 307 2381 pertinet,
329 2294 409 2360 Urci
431 2297 467 2361 in
489 2298 563 2362 sinu
585 2319 680 2382 quem
701 2296 892 2363 Urcitanum
914 2300 1048 2382 vocant,
1076 2303 1168 2364 extr-a

150 2384 296 2470 Abdera,
329 2381 419 2471 Suel,
447 2384 513 2471 Ex,
543 2385 718 2472 Maenoba,
750 2386 892 2472 Malaca,
924 2385 1083 2471 Salduba,
1110 2386 1169 2452 La·

98 2491 133 2540 99
153 2474 263 2559 cippo,
292 2470 481 2540 Barbesula
526 2475 565 2539 fit
587 2474 702 2540 deinde
725 2475 995 2560 angustissimum
1022 2476 1202 2561 pelagum

152 2566 185 2628 99
216 2562 365 2647 proxima
396 2563 483 2628 inter
514 2584 548 2628 se
579 2562 732 2649 Europae
769 2567 867 2649 atque
897 2563 1029 2628 Africae
1069 2564 1169 2630 litora

151 2654 278 2717 montes
301 2650 456 2737 efficiunt,
477 2655 515 2716 99
532 2651 628 2718 initio
651 2652 790 2718 diximus
809 2650 986 2718 Columnae
1004 2650 1169 2736 Herculis,

152 2738 252 2804 Abila
275 2741 308 2804 et
326 2736 454 2825 Calpes,
476 2744 612 2824 uterque
636 2741 765 2827 quidem
788 2741 844 2806 sed
863 2737 981 2824 Calpes
1003 2741 1110 2827 magis
1135 2744 1168 2807 et

151 2890 365 2902 ———--

224 2974 248 3022 1.
268 2965 415 3036 adpellant
434 2967 475 3020 A¹
490 2965 638 3037 appellant
650 2966 691 3022 A’
763 2975 786 3024 2.
807 2967 868 3022 luro
883 2968 911 3022 A
924 2968 999 3022 Iluro
1014 2967 1169 3024 Pintiamrs

223 3044 249 3094 4.
269 3036 432 3107 barginonis
446 3037 474 3091 A
545 3043 571 3093 7.
590 3038 739 3111 deslorsum
757 3041 823 3109 (fait
841 3041 870 3107 9)
889 3040 917 3093 A
931 3038 1081 3093 Dertosam
1098 3039 1167 3096 Tur·

151 3109 236 3164 nebus
309 3115 332 3164 7.
352 3113 377 3162 8.
400 3107 525 3178 adtingit
547 3109 588 3162 A¹
609 3109 684 3165 attin
706 3109 728 3163 't
749 3110 790 3164 A¹
863 3116 888 3165 9.
909 3116 950 3167 10.
973 3109 1168 3180 promuntorio

152 3179 194 3234 Αι
217 3195 285 3235 corr.
363 3182 408 3234 10.Ι
430 3179 610 3250 suproncnsis
636 3181 665 3235 A
707 3179 868 3235 ncronensis
896 3181 1042 3238 Barbarus
1126 3185 1167 3238 15.

152 3249 288 3318 inclytam
302 3250 330 3304 A
370 3255 413 3305 23.
427 3251 491 3320 urgi
506 3252 531 3305 A
544 3251 612 3306 Urci
628 3251 776 3307 Tracbucbc
816 3251 908 3306 sinum
921 3253 949 3308 A
994 3251 1168 3322 uirgitanum

152 3322 180 3375 A
193 3321 359 3376 Urcitanum
375 3321 526 3378 Tascbacbc
578 3329 621 3379 24.
637 3322 735 3376 aderas
749 3323 831 3377 velex
845 3324 872 3377 A
886 3322 1007 3391 Abdera,
1023 3322 1097 3391 Suel,
1117 3324 1167 3390 Ex,

154 3391 316 3448 Oiaccoaias
369 3399 412 3447 24.
422 3399 465 3449 95.
481 3393 522 3448 eis
536 3392 651 3447 aldubal
664 3392 787 3462 accipito
797 3395 824 3448 A
834 3393 885 3464 (eis
900 3393 1023 3461 add.A¹)
1035 3393 1166 3462 Salduba,

153 3462 278 3532 Lacippo
288 3463 434 3520 Barbarus
479 3470 521 3518 25.
532 3463 761 3533 barbesulapitA
772 3465 932 3520 Barbesula.
960 3465 1167 3522 fitOc'acccaa'aa
