2424 3908
349 201 531 259 OHOROGR.
551 202 590 258 111
610 208 634 258 1.
654 209 669 258 a
689 205 817 273 (rr-re)
1046 203 1088 269 59

69 388 134 451 que
172 368 248 430 sunt
284 364 340 431 sed
378 387 514 449 quorum
549 366 684 432 nomina
718 369 832 431 nostro
869 387 923 431 ore
961 367 1089 450 concipi

68 458 245 538 nequeant.
299 474 358 538 per
390 454 411 532 †
444 453 539 518 eundi
572 457 606 518 et
637 452 793 519 Salaenos
827 452 995 539 Saunium,
1031 477 1089 539 per

68 542 270 627 Autrigones
295 545 328 607 et
350 539 603 626 Orgenomescos
622 541 789 608 Namnasa
813 542 988 626 descendit,
1012 547 1045 608 et
1068 544 1089 622 †

70 629 213 697 Devales
246 629 374 696 Tritino
407 629 559 695 Bellunte
592 631 708 716 cingit,
739 636 772 696 et
803 631 939 697 Decium
970 631 1090 697 Aturia

44 718 201 786 sSonans
230 716 332 785 Sauso
362 723 395 784 et
420 717 585 804 Magrada.
635 719 786 786 Vardulli
814 742 878 784 una
905 740 985 805 gens
1013 720 1089 785 hinc

71 807 113 874 ad
136 808 297 891 Pyrenaei
324 807 394 892 iugi
420 808 682 890 promunturium
709 808 875 891 pertinens
904 808 1005 874 cludit
1032 807 1089 874 Hi-

64 917 316 1069 ·Spamssaiquitur
339 983 465 1049 Galliac
493 985 579 1049 latus
608 985 760 1068 alterum,
789 984 879 1050 cuius
902 1005 960 1050 ore
983 986 1088 1068 primo
1108 965 1142 1092 ᾗ

71 1073 156 1138 nihil
182 1092 358 1156 progressa
388 1072 424 1136 in
456 1073 558 1137 altum
589 1094 665 1137 mox
696 1072 888 1138 tantundem
920 1094 1022 1157 paene
1054 1074 1090 1138 in

40 1181 60 1220 ro
72 1162 209 1246 pelagus
233 1162 388 1227 excedens
408 1164 565 1245 quantum
587 1165 676 1226 retro
694 1159 855 1245 Hispania
878 1161 1089 1245 abscesserat,

72 1247 277 1315 Cantabricis
296 1249 335 1314 fit
347 1250 482 1315 adversa
499 1248 606 1334 terris,
625 1253 658 1314 et
677 1249 793 1333 grandi
811 1249 947 1315 circuitu
965 1250 1090 1315 adflexa

73 1337 114 1405 ad
142 1337 343 1403 occidentem
370 1338 450 1403 litus
479 1337 627 1403 advertit.
676 1341 754 1403 tune
782 1339 821 1404 ad
854 1340 1089 1422 septentriones

73 1447 230 1492 conversa
252 1427 372 1491 iterum
391 1427 490 1510 longo
514 1428 666 1511 rectoque
688 1429 794 1491 tractu
814 1426 854 1492 ad
876 1427 964 1509 ripas
983 1425 1089 1490 Rheni

72 1515 178 1579 amnis
211 1515 412 1598 expanditur.
462 1519 549 1579 terra
582 1518 632 1578 est
663 1514 821 1581 frumenti
850 1514 1022 1599 praecipue
1052 1536 1090 1579 ac
1110 1532 1142 1582 17

40 1621 60 1662 u
72 1602 186 1686 pabuli
217 1602 309 1667 ferax
342 1607 375 1669 et
407 1625 544 1668 amoena
576 1602 658 1667 lueis
691 1603 888 1669 inmanibus.
940 1602 1090 1687 quicquid

74 1713 113 1756 ex
137 1691 218 1756 satis
241 1692 374 1776 frigoris
402 1691 576 1776 impatiens
600 1695 650 1757 est
673 1712 769 1776 aegre
796 1714 856 1757 nec
877 1691 997 1775 ubique
1020 1692 1090 1775 alit,

74 1779 226 1863 salubris,
250 1783 283 1844 et
304 1779 402 1845 noxio
426 1801 544 1864 genere
564 1779 755 1844 animalium
777 1779 910 1844 mininie
929 1779 1090 1863 frequens.

73 1871 189 1951 gentes
221 1869 380 1952 superbae
412 1867 659 1951 superstitiosae
691 1868 863 1952 aliquando
896 1868 995 1931 etiam
1031 1868 1090 1930 im·
1111 1886 1144 1934 18

73 1977 188 2022 manes
211 1956 290 2021 adeo
314 1959 351 2021 ut
372 1956 538 2021 hominem
557 1957 715 2041 optimam
738 1959 771 2020 et
788 1956 1009 2040 gratissimam
1028 1954 1090 2020 diis

40 2063 60 2105 ro
73 2045 243 2110 victimam
275 2045 452 2110 crederent
506 2048 640 2110 manent
674 2044 815 2129 vestigia
849 2043 990 2108 feritatis
1025 2043 1091 2108 iam

71 2133 228 2216 abolitae,
252 2137 350 2218 atque
372 2136 410 2198 ut
433 2133 473 2198 ab
497 2133 622 2198 ultimis
646 2132 798 2198 caedibus
821 2136 1021 2216 temperant,
1043 2132 1092 2197 ita

70 2221 297 2305 nihilominus,
319 2223 376 2286 ubi
398 2221 531 2286 devotos
551 2221 709 2286 altaribus
733 2221 913 2305 admovere,
934 2221 1091 2286 delibant.

70 2310 197 2374 habent
215 2312 325 2374 tamen
344 2314 377 2375 et
393 2309 580 2375 facundiam
599 2333 691 2374 suam
705 2311 946 2394 magistrosque
965 2310 1090 2393 sapien·

71 2399 141 2462 tiae
168 2397 310 2463 druidas.
359 2399 395 2462 hi
426 2402 533 2464 terrae
564 2398 740 2482 mundique
767 2397 1025 2484 magnitudinem
1058 2400 1091 2462 et
1111 2415 1143 2462 19

40 2487 229 2569 reformem,
256 2490 365 2553 motus
393 2487 475 2551 caeli
503 2507 541 2551 ae
569 2486 724 2570 siderum,
752 2490 785 2550 et
811 2485 888 2569 quid
915 2485 962 2549 dii
988 2485 1091 2549 velint

72 2575 157 2640 seire
188 2573 392 2658 profitentur.
443 2574 562 2640 docent
593 2574 696 2639 multa
727 2572 950 2640 nobilissimos
983 2573 1090 2658 gentis

72 2664 159 2728 clam
187 2666 220 2727 et
248 2662 317 2747 diu,
344 2662 466 2729 vicenis
495 2662 601 2746 annis,
629 2667 686 2727 aut
713 2663 748 2726 in
771 2683 867 2745 specu
895 2664 953 2726 aut
977 2661 1012 2726 in
1035 2662 1090 2727 ab·

71 2750 153 2816 ditis
173 2750 322 2816 saltibus.
358 2773 458 2816 unum
478 2773 516 2814 ex
534 2750 586 2815 his
607 2772 689 2834 quae
701 2750 905 2835 praecipiunt
923 2750 958 2814 in
972 2751 1090 2834 vulgus

145 2914 170 2961 3.
191 2905 351 2976 avariginos
369 2906 397 2961 A
420 2906 590 2976 Autrigones
607 2906 754 2962 Barbarae
808 2922 1044 2976 orgenomesquos
1063 2907 1091 2960 A

74 2977 297 3048 Orgenomescos
321 2977 506 3034 AGroaocc'cs
577 2983 601 3033 4.
621 2983 646 3032 ὅ.
665 2979 747 3032 cerba
770 2977 884 3031 devales
904 3007 937 3017 -
956 2976 1091 3046 magrada

72 3065 176 3104 rmore
193 3065 252 3104 non
264 3050 347 3117 potat
418 3054 444 3104 4.
463 3047 555 3102 atun‘a
572 3048 614 3102 A²
631 3050 748 3118 acceptis
767 3050 865 3104 litteris
882 3047 925 3100 ria
947 3049 979 3102 tc
1001 3050 1091 3117 spatio

73 3137 162 3175 uacuo
217 3124 242 3173 t.
261 3118 397 3189 magrada
413 3118 544 3174 Vardulli
562 3134 617 3173 una
635 3117 676 3172 A*
694 3121 812 3188 excepte
830 3120 927 3174 littere
945 3134 1042 3188 magra
1060 3121 1092 3173 tn

72 3191 164 3260 spatio
186 3206 273 3245 cauco
345 3196 371 3246 6.
389 3189 614 3260 promunturium
632 3190 673 3243 A¹
690 3189 916 3259 promuntorium
932 3187 974 3243 A*
1048 3195 1089 3245 15.

72 3260 234 3315 inmanibus
257 3259 299 3314 A¹
321 3258 490 3315 immanibus
512 3259 554 3314 A*
608 3259 743 3329 quioquid
765 3261 806 3314 Al
829 3277 897 3316 corr.
975 3266 1017 3313 16.
1040 3258 1092 3310 im·

73 3331 187 3401 patiens
201 3331 243 3386 A¹
262 3347 330 3387 corr.
385 3347 453 3401 ager
471 3330 500 3384 A
518 3347 637 3400 aegrev
710 3337 752 3386 20.
772 3329 901 3385 veritatis
924 3330 952 3383 A
970 3328 1092 3382 feritatis

78 3402 225 3458 Vedianas
309 3408 352 3457 21.
377 3403 461 3470 atqie
488 3401 530 3455 A¹
557 3418 626 3458 corr.
707 3408 749 3456 22.
778 3401 896 3455 devotas
918 3400 948 3453 A
973 3399 1091 3453 devotos

76 3474 232 3529 Pareamus
304 3479 347 3528 24.
372 3471 484 3527 druidas
507 3471 549 3526 111
572 3489 640 3529 corr.
713 3479 755 3528 27.
775 3470 875 3525 vicinis
898 3470 928 3525 A
949 3469 1091 3526 vicenisc
