2424 3908
316 202 498 260 99909999.
516 205 557 259 111
575 211 600 261 9.
621 211 655 261 99
673 206 820 278 (eo-100)
1037 207 1080 274 'll

54 367 200 449 micant,
235 369 269 432 99
299 366 401 431 veluti
437 370 547 433 castra
578 367 644 434 late
680 369 823 435 iacentia
855 370 1081 456 ostenduntur,

55 458 195 541 crepant
217 454 370 539 cymbala
392 458 426 520 99
447 458 616 540 tympana,
645 456 883 543 audiunturque
904 459 1006 526 tibiae
1029 481 1080 527 se

54 547 178 611 nantes
206 542 312 609 maius
338 543 499 608 humanis.
548 548 628 609 tunc
654 567 767 611 rursus
796 544 990 632 Aethiopes,
1019 569 1081 614 nee
1108 564 1143 614 99

55 633 127 699 iam
154 631 239 698 dites
267 651 348 715 quos
379 630 533 716 diximus,
565 654 625 698 nec
652 633 700 699 ita
729 635 920 718 corporibus
949 636 1101 720 similes·

27 720 121 788 seed
144 719 288 786 minores
310 720 487 804 incultique
506 724 583 786 sunt
603 723 789 788 et'nomine
807 722 1000 808 Hesperien.
1045 724 1082 790 in

56 809 178 875 horum
195 808 317 873 finibus
335 808 410 874 fons
434 813 485 875 est
507 830 603 894 quem
620 808 690 876 Nili
709 832 780 877 esse
799 812 911 896 aliqua
928 812 1082 878 credibile

58 901 127 967 eet:
154 896 286 964 Nuchul
314 898 355 962 ab
384 896 501 963 incolis
530 896 660 982 dicitur,
687 903 721 964 99
746 898 851 965 videri
878 903 989 985 potest
1013 922 1082 967 non

58 987 126 1054 alio
153 985 285 1052 nomine
314 984 474 1069 adpellari
502 985 557 1051 sed
590 1008 610 1051 a
641 987 782 1055 barbaro
812 1009 868 1053 ore
901 991 1081 1073 corruptus.

60 1075 123 1141 alit
155 1077 189 1140 et
220 1095 380 1158 papyrum
414 1076 448 1139 et
479 1075 608 1140 minora
639 1076 769 1160 quidem
801 1075 944 1142 eiusdem
972 1081 1083 1142 temen

11 1181 49 1223 ιο
61 1162 192 1249 generis
212 1162 374 1227 animalia.
422 1162 495 1227 aliis
515 1163 665 1229 amnibus
688 1164 723 1229 in
741 1185 899 1231 oceanum
921 1165 1082 1251 vergenti·
1108 1183 1143 1233 99

59 1252 124 1327 bus
152 1250 242 1316 solus
265 1251 301 1316 in
324 1249 465 1315 mediam
492 1251 661 1336 regionem
690 1256 723 1317 99
746 1251 788 1316 ad
814 1253 973 1327 orientem
1001 1254 1082 1338 abit,

61 1345 96 1407 et
119 1361 262 1425 quonam
284 1341 378 1405 exeat
399 1339 560 1405 incertum
584 1343 642 1405 999.
687 1340 763 1406 inde
786 1341 951 1428 colligitur
967 1340 1083 1408 Nilum

59 1429 125 1495 hoc
151 1428 243 1494 fonte
270 1430 462 1511 conceptum
490 1431 662 1514 actumque
690 1429 880 1513 aliquandiu
906 1451 966 1514 per
992 1429 1082 1495 invia

61 1521 95 1583 et
116 1516 191 1583 ideo
211 1517 372 1602 ignotum,
391 1516 511 1581 iterum
535 1538 570 1583 se
593 1518 650 1584 ubi
669 1517 753 1582 adiri
771 1518 880 1603 possit
897 1517 1082 1603 ostendere3

23 1621 49 1664 1⁶
61 1609 207 1672 ceterum
221 1605 328 1689 spatio
343 1626 407 1688 quo
427 1604 636 1671 absconditur
650 1605 745 1690 effici,
763 1610 801 1671 ut
813 1607 867 1672 hie
881 1607 945 1672 elio
960 1606 1081 1691 cedere,

57 1694 115 1760 ille
128 1692 258 1760 aliunde
276 1692 426 1759 videatur
444 1714 626 1779 exsurgere.
662 1694 851 1780 catoblepas
864 1717 932 1761 non
948 1693 1081 1780 grandis
1109 1711 1143 1762 99

58 1783 270 1868 tatarorum
285 1782 408 1868 grande
423 1786 457 1847 et
474 1801 653 1867 praegrave
673 1786 772 1866 caput
790 1803 887 1868 aegre
907 1784 1082 1860 sustinens,

58 1875 160 1955 atque
182 1871 225 1937 ob
252 1869 286 1936 id
308 1870 345 1934 in
371 1874 495 1936 terram
522 1871 699 1954 plurimum
729 1891 784 1937 ore
812 1892 967 1937 conversa
995 1870 1081 1955 apud

57 1959 122 2026 hos
145 1959 304 2046 gignitur,
327 1959 370 2025 ob
389 1959 456 2024 vim
474 1959 675 2042 singularem
694 1959 802 2044 magis
822 1959 922 2025 etiam
940 1958 1082 2024 referen-

27 2064 52 2106 99
64 2047 116 2134 da,
139 2046 226 2133 quod
245 2069 319 2113 eum
337 2047 462 2131 impetu
480 2068 654 2132 morsuque
673 2047 758 2112 nihil
775 2069 931 2132 umquam
948 2047 1083 2132 saeviat,

65 2136 179 2204 oculos
208 2137 277 2203 eius
307 2136 429 2202 vidisse
456 2135 669 2202 mortiferum.
715 2139 827 2202 contra
849 2136 980 2201 eosdem
1008 2139 1084 2202 sunt
1109 2153 1143 2203 99

62 2225 192 2291 insulae
224 2224 407 2310 Gorgades,
445 2224 559 2291 domus
595 2228 633 2290 ut
669 2225 762 2291 aiunt
798 2224 971 2309 aliquando
1004 2223 1083 2290 Gor·

61 2334 194 2400 genum.
238 2313 330 2398 ipsae
357 2317 464 2378 terrae
488 2314 715 2398 promunturio
739 2314 792 2379 eui
817 2311 968 2398 Hesperu
991 2334 1081 2379 99999

61 2423 184 2470 nomen
206 2404 258 2468 est
279 2401 445 2468 finiuntur.

27 2507 51 2548 2⁶
152 2489 234 2557 Inde
251 2490 367 2575 incipit
383 2489 474 2555 frons
492 2491 552 2555 illa
570 2512 652 2575 quae
673 2490 709 2556 in
727 2489 925 2554 occidentem
944 2467 1144 2594 9993999ἒὲ)0

59 2580 146 2646 mari
164 2578 334 2645 Atlantico
356 2577 507 2644 adluitur.
542 2579 648 2663 prima
671 2578 741 2642 eius
759 2577 940 2661 Aethiopes
958 2580 1082 2661 tenent,

59 2669 169 2735 media
190 2668 287 2754 nulli;
309 2688 387 2733 narn
406 2670 464 2732 aut
487 2671 602 2732 exusta
621 2669 698 2732 sunt
717 2669 775 2730 aut
792 2665 922 2733 harenis
942 2665 1084 2732 obducta

59 2759 116 2823 aut
134 2756 257 2823 infesta
276 2756 491 2841 serpentibus.
528 2755 652 2821 exustis
670 2755 798 2821 insulae
818 2753 985 2839 adpositae
1005 2758 1083 2820 sunt

130 2990 156 3040 6.
174 2983 305 3055 hesperio
324 2984 352 3038 A
365 2985 422 3039 Hes
444 2982 523 3038 erion
536 2983 635 3052 scripsi
708 2989 732 3038 7.
752 2999 826 3037 nunc
844 2982 872 3036 A
887 2979 1029 3036 Nuchulo

58 3061 82 3111 8.
106 3052 247 3126 adpellari
274 3055 315 3109 A¹
344 3002 483 3126 appellari
509 3052 550 3107 A’
626 3060 652 3109 9.
682 3052 765 3108 aliter
791 3070 892 3125 pyrum
918 3053 947 3107 A
974 3049 1039 3133 alit·
1055 3053 1085 3106 99

57 3143 198 3198 papyrum
219 3124 334 3182 Visetur
407 3126 523 3182 raher
546 3123 587 3178 A¹
605 3141 675 3181 corr.
749 3130 791 3179 14.
811 3124 848 3178 ad
871 3138 905 3177 ea
922 3123 950 3177 A
969 3121 1042 3176 adm
1064 3138 1085 3177 or

131 3204 174 3254 le.
194 3212 342 3266 exsurgere
364 3197 406 3252 A¹
429 3211 563 3265 exurgere
586 3194 627 3249 A¹
701 3202 742 3251 17.
761 3193 935 3265 praegrande
955 3194 982 3247 A
1004 3209 1084 3263 prae-

57 3282 145 3338 grave
165 3266 319 3324 Piuticruee
377 3274 419 3324 20.
439 3267 580 3339 unslquam
594 3266 621 3321 A
680 3272 723 3321 22.
743 3265 878 3322 dorcades
893 3266 921 3319 A
939 3262 1083 3344 Gorgades

58 3340 256 3411 Maricupchre
305 3345 350 3396 26.
364 3337 489 3394 abluitur
502 3339 531 3392 A
545 3336 699 3392 adluituro
751 3343 794 3392 27.
809 3335 932 3390 mediam
946 3335 973 3388 A
989 3333 1084 3387 media

56 3426 77 3466 a
149 3409 263 3465 herenis
282 3411 323 3464 A¹
341 3409 435 3464 arenis
454 3408 494 3464 A¹
567 3413 609 3462 28.
629 3408 778 3480 <ox>ustis
793 3409 821 3462 A
840 3409 956 3477 (litterae
974 3407 1006 3459 iu
1023 3421 1078 3461 999.

58 3482 123 3539 odd.
143 3479 196 3551 A¹)
269 3480 417 3551 adpositae
435 3481 477 3534 A¹
495 3477 645 3549 appositae
664 3478 704 3533 A²
